<?xml version="1.0" encoding="UTF-8"?>
<!DOCTYPE html PUBLIC "-//W3C//DTD XHTML 1.0 Transitional//EN"
    "http://www.w3.org/TR/xhtml1/DTD/xhtml1-transitional.dtd">
<html xmlns="http://www.w3.org/1999/xhtml" xml:lang="en" lang="en">
 <head>
  <title>
</title>
<meta http-equiv="Content-Type" content="text/html;charset=utf-8" />
  <meta name='ocr-system' content='tesseract 3.04.00' />
  <meta name='ocr-capabilities' content='ocr_page ocr_carea ocr_par ocr_line ocrx_word'/>
</head>
<body>
  <div class='ocr_page' id='page_1' title='image "./archivfrkatholi18unkngoog_0122.png"; bbox 0 0 3303 5013; ppageno 0'>
   <div class='ocr_carea' id='block_1_1' title="bbox 449 283 2083 362">
    <p class='ocr_par' dir='ltr' id='par_1_1' title="bbox 449 283 2083 362">
     <span class='ocr_line' id='line_1_1' title="bbox 449 283 2083 362; baseline 0.004 -8"><span class='ocrx_word' id='word_1_1' title='bbox 449 283 573 356; x_wconf 73' lang='lat'><strong>118</strong></span> <span class='ocrx_word' id='word_1_2' title='bbox 1293 301 1639 362; x_wconf 57' lang='lat' dir='ltr'><strong>Rev-cmm</strong></span> <span class='ocrx_word' id='word_1_3' title='bbox 1678 303 2083 362; x_wconf 69' lang='lat' dir='ltr'><strong>Aktmtacke</strong></span> 
     </span>
    </p>
   </div>
   <div class='ocr_carea' id='block_1_2' title="bbox 445 465 2936 4644">
    <p class='ocr_par' dir='ltr' id='par_1_2' title="bbox 447 465 2935 1610">
     <span class='ocr_line' id='line_1_2' title="bbox 654 465 2930 563; baseline -0.002 -19"><span class='ocrx_word' id='word_1_4' title='bbox 654 479 736 544; x_wconf 87' lang='lat'><strong>11.</strong></span> <span class='ocrx_word' id='word_1_5' title='bbox 786 478 956 545; x_wconf 88' lang='lat' dir='ltr'><strong>Inter</strong></span> <span class='ocrx_word' id='word_1_6' title='bbox 1000 478 1335 545; x_wconf 78' lang='lat' dir='ltr'><strong>facultates</strong></span> <span class='ocrx_word' id='word_1_7' title='bbox 1374 497 1530 563; x_wconf 89' lang='lat' dir='ltr'><strong>quas</strong></span> <span class='ocrx_word' id='word_1_8' title='bbox 1560 476 1622 547; x_wconf 87' lang='lat' dir='ltr'><strong>S.</strong></span> <span class='ocrx_word' id='word_1_9' title='bbox 1661 477 2147 544; x_wconf 89' lang='lat' dir='ltr'><strong>Poenitentiaria</strong></span> <span class='ocrx_word' id='word_1_10' title='bbox 2184 496 2293 562; x_wconf 90' lang='lat' dir='ltr'><strong>pro</strong></span> <span class='ocrx_word' id='word_1_11' title='bbox 2335 465 2464 542; x_wconf 83' lang='lat' dir='ltr'><strong>foro</strong></span> <span class='ocrx_word' id='word_1_12' title='bbox 2502 471 2744 542; x_wconf 84' lang='lat' dir='ltr'><strong>interno</strong></span> <span class='ocrx_word' id='word_1_13' title='bbox 2788 494 2930 542; x_wconf 88' lang='lat' dir='ltr'><strong>cum</strong></span> 
     </span>
     <span class='ocr_line' id='line_1_3' title="bbox 448 580 2933 668; baseline -0.001 -20"><span class='ocrx_word' id='word_1_14' title='bbox 448 583 839 650; x_wconf 88' lang='lat' dir='ltr'><strong>confessariis</strong></span> <span class='ocrx_word' id='word_1_15' title='bbox 884 583 1339 648; x_wconf 88' lang='lat' dir='ltr'><strong>communicare</strong></span> <span class='ocrx_word' id='word_1_16' title='bbox 1382 584 1541 649; x_wconf 90' lang='lat' dir='ltr'><strong>solet</strong></span> <span class='ocrx_word' id='word_1_17' title='bbox 1585 583 1838 668; x_wconf 89' lang='lat' dir='ltr'><strong>legitur,</strong></span> <span class='ocrx_word' id='word_1_18' title='bbox 1883 583 1965 649; x_wconf 87' lang='lat' dir='ltr'><strong>N.</strong></span> <span class='ocrx_word' id='word_1_19' title='bbox 2000 582 2173 663; x_wconf 89' lang='lat' dir='ltr'><strong>VIII,</strong></span> <span class='ocrx_word' id='word_1_20' title='bbox 2220 582 2487 647; x_wconf 79' lang='lat' dir='ltr'><strong>facultas</strong></span> <span class='ocrx_word' id='word_1_21' title='bbox 2538 580 2933 647; x_wconf 80' lang='lat' dir='ltr'><strong>»absolvendi</strong></span> 
     </span>
     <span class='ocr_line' id='line_1_4' title="bbox 451 685 2935 773; baseline -0.001 -20"><span class='ocrx_word' id='word_1_22' title='bbox 451 688 770 773; x_wconf 89' lang='lat' dir='ltr'><strong>religiosos</strong></span> <span class='ocrx_word' id='word_1_23' title='bbox 814 687 1253 773; x_wconf 88' lang='lat' dir='ltr'><strong>cuiuscumque</strong></span> <span class='ocrx_word' id='word_1_24' title='bbox 1299 687 1567 766; x_wconf 88' lang='lat' dir='ltr'><strong>Ordinis,</strong></span> <span class='ocrx_word' id='word_1_25' title='bbox 1613 687 1944 753; x_wconf 92' lang='lat' dir='ltr'><strong>dummodo</strong></span> <span class='ocrx_word' id='word_1_26' title='bbox 1989 686 2149 771; x_wconf 90' lang='lat' dir='ltr'><strong>apud</strong></span> <span class='ocrx_word' id='word_1_27' title='bbox 2196 688 2261 751; x_wconf 92' lang='lat' dir='ltr'><strong>te</strong></span> <span class='ocrx_word' id='word_1_28' title='bbox 2305 685 2654 770; x_wconf 81' lang='lat' dir='ltr'>legitimam</span> <span class='ocrx_word' id='word_1_29' title='bbox 2703 685 2935 751; x_wconf 87' lang='lat' dir='ltr'><strong>habue-</strong></span> 
     </span>
     <span class='ocr_line' id='line_1_5' title="bbox 447 789 2934 877; baseline -0.001 -19"><span class='ocrx_word' id='word_1_30' title='bbox 447 792 576 858; x_wconf 90' lang='lat' dir='ltr'><strong>rint</strong></span> <span class='ocrx_word' id='word_1_31' title='bbox 632 789 947 858; x_wconf 80' lang='lat' dir='ltr'><strong>licentiam</strong></span> <span class='ocrx_word' id='word_1_32' title='bbox 1007 792 1342 877; x_wconf 89' lang='lat' dir='ltr'><strong>peragendi</strong></span> <span class='ocrx_word' id='word_1_33' title='bbox 1387 791 1839 858; x_wconf 77' lang='lat' dir='ltr'><strong>confessionem</strong></span> <span class='ocrx_word' id='word_1_34' title='bbox 1902 792 2414 858; x_wconf 77' lang='lat' dir='ltr'><strong>sacramentalem</strong></span> <span class='ocrx_word' id='word_1_35' title='bbox 2464 844 2477 858; x_wconf 92' lang='lat'><strong>.</strong></span> <span class='ocrx_word' id='word_1_36' title='bbox 2528 840 2545 855; x_wconf 94' lang='lat'><strong>.</strong></span> <span class='ocrx_word' id='word_1_37' title='bbox 2595 842 2609 857; x_wconf 90' lang='lat'><strong>.</strong></span> <span class='ocrx_word' id='word_1_38' title='bbox 2658 790 2849 855; x_wconf 89' lang='lat' dir='ltr'><strong>etiam</strong></span> <span class='ocrx_word' id='word_1_39' title='bbox 2895 809 2934 855; x_wconf 93' lang='lat' dir='ltr'><strong>a</strong></span> 
     </span>
     <span class='ocr_line' id='line_1_6' title="bbox 447 893 2933 982; baseline -0.002 -16"><span class='ocrx_word' id='word_1_40' title='bbox 447 898 691 966; x_wconf 78' lang='lat' dir='ltr'><strong>casibus</strong></span> <span class='ocrx_word' id='word_1_41' title='bbox 735 899 800 962; x_wconf 90' lang='lat' dir='ltr'><strong>et</strong></span> <span class='ocrx_word' id='word_1_42' title='bbox 838 898 1111 963; x_wconf 83' lang='lat' dir='ltr'><strong>censuris</strong></span> <span class='ocrx_word' id='word_1_43' title='bbox 1155 898 1219 962; x_wconf 90' lang='lat' dir='ltr'><strong>in</strong></span> <span class='ocrx_word' id='word_1_44' title='bbox 1256 916 1369 962; x_wconf 90' lang='lat' dir='ltr'><strong>sua</strong></span> <span class='ocrx_word' id='word_1_45' title='bbox 1414 897 1708 982; x_wconf 85' lang='lat' dir='ltr'><strong>religione</strong></span> <span class='ocrx_word' id='word_1_46' title='bbox 1741 897 2131 963; x_wconf 79' lang='lat' dir='ltr'><strong>reservatis«.</strong></span> <span class='ocrx_word' id='word_1_47' title='bbox 2206 895 2469 962; x_wconf 89' lang='lat' dir='ltr'><strong>Valetne</strong></span> <span class='ocrx_word' id='word_1_48' title='bbox 2513 895 2624 960; x_wconf 90' lang='lat' dir='ltr'><strong>illa</strong></span> <span class='ocrx_word' id='word_1_49' title='bbox 2667 893 2933 960; x_wconf 84' lang='lat' dir='ltr'><strong>facultas</strong></span> 
     </span>
     <span class='ocr_line' id='line_1_7' title="bbox 450 999 2931 1085; baseline -0.001 -18"><span class='ocrx_word' id='word_1_50' title='bbox 450 1002 528 1067; x_wconf 90' lang='lat' dir='ltr'><strong>ad</strong></span> <span class='ocrx_word' id='word_1_51' title='bbox 569 1020 748 1068; x_wconf 90' lang='lat' dir='ltr'><strong>casus</strong></span> <span class='ocrx_word' id='word_1_52' title='bbox 792 1002 1072 1085; x_wconf 90' lang='lat' dir='ltr'><strong>quolibet</strong></span> <span class='ocrx_word' id='word_1_53' title='bbox 1109 1002 1290 1067; x_wconf 90' lang='lat' dir='ltr'><strong>modo</strong></span> <span class='ocrx_word' id='word_1_54' title='bbox 1334 1004 1723 1068; x_wconf 76' lang='lat' dir='ltr'><strong>reservatos?</strong></span> <span class='ocrx_word' id='word_1_55' title='bbox 1795 1000 1977 1067; x_wconf 88' lang='lat' dir='ltr'><strong>Soliti</strong></span> <span class='ocrx_word' id='word_1_56' title='bbox 2025 1001 2188 1066; x_wconf 88' lang='lat' dir='ltr'><strong>enim</strong></span> <span class='ocrx_word' id='word_1_57' title='bbox 2234 1002 2381 1066; x_wconf 89' lang='lat' dir='ltr'><strong>sunt</strong></span> <span class='ocrx_word' id='word_1_58' title='bbox 2425 999 2485 1065; x_wconf 92' lang='lat' dir='ltr'><strong>in</strong></span> <span class='ocrx_word' id='word_1_59' title='bbox 2531 999 2931 1085; x_wconf 87' lang='lat' dir='ltr'><strong>religionibus</strong></span> 
     </span>
     <span class='ocr_line' id='line_1_8' title="bbox 449 1103 2930 1189; baseline -0.001 -17"><span class='ocrx_word' id='word_1_60' title='bbox 449 1125 627 1173; x_wconf 87' lang='lat' dir='ltr'><strong>casus</strong></span> <span class='ocrx_word' id='word_1_61' title='bbox 671 1105 969 1172; x_wconf 89' lang='lat' dir='ltr'><strong>reservari</strong></span> <span class='ocrx_word' id='word_1_62' title='bbox 1016 1105 1122 1171; x_wconf 92' lang='lat' dir='ltr'><strong>alii</strong></span> <span class='ocrx_word' id='word_1_63' title='bbox 1167 1105 1478 1189; x_wconf 84' lang='lat' dir='ltr'><strong>Superiori</strong></span> <span class='ocrx_word' id='word_1_64' title='bbox 1519 1105 1911 1182; x_wconf 88' lang='lat' dir='ltr'><strong>immediato,</strong></span> <span class='ocrx_word' id='word_1_65' title='bbox 1961 1104 2072 1171; x_wconf 89' lang='lat' dir='ltr'><strong>alii</strong></span> <span class='ocrx_word' id='word_1_66' title='bbox 2120 1104 2526 1182; x_wconf 82' lang='lat' dir='ltr'><strong>Provinciali,</strong></span> <span class='ocrx_word' id='word_1_67' title='bbox 2571 1103 2684 1169; x_wconf 89' lang='lat' dir='ltr'><strong>alii</strong></span> <span class='ocrx_word' id='word_1_68' title='bbox 2730 1103 2930 1170; x_wconf 86' lang='lat' dir='ltr'><strong>Gene-</strong></span> 
     </span>
     <span class='ocr_line' id='line_1_9' title="bbox 452 1208 2933 1277; baseline -0.001 -2"><span class='ocrx_word' id='word_1_69' title='bbox 452 1211 587 1277; x_wconf 88' lang='lat' dir='ltr'><strong>rali.</strong></span> <span class='ocrx_word' id='word_1_70' title='bbox 680 1211 841 1277; x_wconf 87' lang='lat' dir='ltr'><strong>Istas</strong></span> <span class='ocrx_word' id='word_1_71' title='bbox 885 1214 1094 1277; x_wconf 89' lang='lat' dir='ltr'><strong>tamen</strong></span> <span class='ocrx_word' id='word_1_72' title='bbox 1140 1211 1462 1276; x_wconf 89' lang='lat' dir='ltr'><strong>observare</strong></span> <span class='ocrx_word' id='word_1_73' title='bbox 1507 1210 1934 1275; x_wconf 87' lang='lat' dir='ltr'><strong>distinctiones</strong></span> <span class='ocrx_word' id='word_1_74' title='bbox 1981 1209 2365 1277; x_wconf 78' lang='lat' dir='ltr'><strong>confessario</strong></span> <span class='ocrx_word' id='word_1_75' title='bbox 2425 1213 2710 1274; x_wconf 85' lang='lat' dir='ltr'><strong>extraneo</strong></span> <span class='ocrx_word' id='word_1_76' title='bbox 2755 1208 2933 1274; x_wconf 89' lang='lat' dir='ltr'><strong>valde</strong></span> 
     </span>
     <span class='ocr_line' id='line_1_10' title="bbox 452 1313 2933 1400; baseline -0.001 -19"><span class='ocrx_word' id='word_1_77' title='bbox 452 1315 637 1381; x_wconf 87' lang='lat' dir='ltr'><strong>fuerit</strong></span> <span class='ocrx_word' id='word_1_78' title='bbox 702 1315 975 1383; x_wconf 84' lang='lat' dir='ltr'><strong>difficile.</strong></span> <span class='ocrx_word' id='word_1_79' title='bbox 1086 1313 1322 1380; x_wconf 85' lang='lat' dir='ltr'><strong>Suadet</strong></span> <span class='ocrx_word' id='word_1_80' title='bbox 1388 1315 1585 1400; x_wconf 91' lang='lat' dir='ltr'><strong>igitur</strong></span> <span class='ocrx_word' id='word_1_81' title='bbox 1653 1314 1971 1398; x_wconf 88' lang='lat' dir='ltr'><strong>expeditus</strong></span> <span class='ocrx_word' id='word_1_82' title='bbox 2041 1314 2358 1380; x_wconf 83' lang='lat' dir='ltr'><strong>facultatis</strong></span> <span class='ocrx_word' id='word_1_83' title='bbox 2406 1332 2553 1379; x_wconf 88' lang='lat' dir='ltr'><strong>usus</strong></span> <span class='ocrx_word' id='word_1_84' title='bbox 2612 1317 2685 1379; x_wconf 91' lang='lat' dir='ltr'><strong>ut</strong></span> <span class='ocrx_word' id='word_1_85' title='bbox 2724 1333 2933 1380; x_wconf 89' lang='lat' dir='ltr'><strong>omnes</strong></span> 
     </span>
     <span class='ocr_line' id='line_1_11' title="bbox 448 1418 2932 1505; baseline -0.001 -19"><span class='ocrx_word' id='word_1_86' title='bbox 448 1420 925 1505; x_wconf 85' lang='lat' dir='ltr'><strong>comprehendat</strong></span> <span class='ocrx_word' id='word_1_87' title='bbox 960 1438 1138 1486; x_wconf 89' lang='lat' dir='ltr'><strong>casus</strong></span> <span class='ocrx_word' id='word_1_88' title='bbox 1182 1419 1500 1505; x_wconf 84' lang='lat' dir='ltr'><strong>religionis</strong></span> <span class='ocrx_word' id='word_1_89' title='bbox 1545 1419 1836 1504; x_wconf 89' lang='lat' dir='ltr'><strong>proprios.</strong></span> <span class='ocrx_word' id='word_1_90' title='bbox 1904 1419 2179 1485; x_wconf 86' lang='lat' dir='ltr'><strong>Prudens</strong></span> <span class='ocrx_word' id='word_1_91' title='bbox 2209 1421 2482 1485; x_wconf 89' lang='lat' dir='ltr'><strong>ceterum</strong></span> <span class='ocrx_word' id='word_1_92' title='bbox 2515 1418 2932 1485; x_wconf 87' lang='lat' dir='ltr'><strong>Confessarius</strong></span> 
     </span>
     <span class='ocr_line' id='line_1_12' title="bbox 452 1523 2932 1610; baseline -0.002 -19"><span class='ocrx_word' id='word_1_93' title='bbox 452 1545 569 1591; x_wconf 90' lang='lat' dir='ltr'><strong>non</strong></span> <span class='ocrx_word' id='word_1_94' title='bbox 610 1525 859 1591; x_wconf 91' lang='lat' dir='ltr'><strong>omittet</strong></span> <span class='ocrx_word' id='word_1_95' title='bbox 905 1543 978 1590; x_wconf 89' lang='lat' dir='ltr'><strong>ea</strong></span> <span class='ocrx_word' id='word_1_96' title='bbox 1022 1524 1325 1607; x_wconf 89' lang='lat' dir='ltr'><strong>imperare</strong></span> <span class='ocrx_word' id='word_1_97' title='bbox 1354 1524 1578 1610; x_wconf 89' lang='lat' dir='ltr'><strong>quibus</strong></span> <span class='ocrx_word' id='word_1_98' title='bbox 1609 1523 1857 1591; x_wconf 88' lang='lat' dir='ltr'><strong>Ordinis</strong></span> <span class='ocrx_word' id='word_1_99' title='bbox 1890 1524 2048 1590; x_wconf 94' lang='lat' dir='ltr'><strong>bona</strong></span> <span class='ocrx_word' id='word_1_100' title='bbox 2081 1524 2172 1591; x_wconf 90' lang='lat' dir='ltr'><strong>vel</strong></span> <span class='ocrx_word' id='word_1_101' title='bbox 2205 1524 2325 1588; x_wconf 90' lang='lat' dir='ltr'><strong>iuri</strong></span> <span class='ocrx_word' id='word_1_102' title='bbox 2355 1523 2510 1589; x_wconf 89' lang='lat' dir='ltr'><strong>satis</strong></span> <span class='ocrx_word' id='word_1_103' title='bbox 2541 1523 2622 1590; x_wconf 91' lang='lat' dir='ltr'><strong>sit</strong></span> <span class='ocrx_word' id='word_1_104' title='bbox 2659 1525 2932 1589; x_wconf 88' lang='lat' dir='ltr'><strong>cautum.</strong></span> 
     </span>
    </p>

    <p class='ocr_par' dir='ltr' id='par_1_3' title="bbox 445 1627 2936 2112">
     <span class='ocr_line' id='line_1_13' title="bbox 657 1627 2929 1714; baseline -0.001 -19"><span class='ocrx_word' id='word_1_105' title='bbox 657 1630 771 1697; x_wconf 93' lang='lat' dir='ltr'><strong>III.</strong></span> <span class='ocrx_word' id='word_1_106' title='bbox 846 1629 1071 1695; x_wconf 86' lang='lat' dir='ltr'><strong>Utrum</strong></span> <span class='ocrx_word' id='word_1_107' title='bbox 1139 1628 1523 1696; x_wconf 90' lang='lat' dir='ltr'><strong>Confessario</strong></span> <span class='ocrx_word' id='word_1_108' title='bbox 1580 1629 1852 1714; x_wconf 88' lang='lat' dir='ltr'><strong>regulari</strong></span> <span class='ocrx_word' id='word_1_109' title='bbox 1911 1627 2190 1713; x_wconf 87' lang='lat' dir='ltr'><strong>praefata</strong></span> <span class='ocrx_word' id='word_1_110' title='bbox 2249 1628 2549 1694; x_wconf 83' lang='lat' dir='ltr'><strong>facultate</strong></span> <span class='ocrx_word' id='word_1_111' title='bbox 2616 1628 2709 1694; x_wconf 90' lang='lat' dir='ltr'><strong>uti</strong></span> <span class='ocrx_word' id='word_1_112' title='bbox 2766 1627 2929 1705; x_wconf 89' lang='lat' dir='ltr'><strong>licet,</strong></span> 
     </span>
     <span class='ocr_line' id='line_1_14' title="bbox 450 1731 2936 1819; baseline 0 -20"><span class='ocrx_word' id='word_1_113' title='bbox 450 1754 590 1799; x_wconf 88' lang='lat' dir='ltr'><strong>cum</strong></span> <span class='ocrx_word' id='word_1_114' title='bbox 625 1734 1077 1799; x_wconf 80' lang='lat' dir='ltr'><strong>confessionem</strong></span> <span class='ocrx_word' id='word_1_115' title='bbox 1125 1733 1349 1818; x_wconf 79' lang='lat' dir='ltr'><strong>excipit</strong></span> <span class='ocrx_word' id='word_1_116' title='bbox 1393 1733 1668 1819; x_wconf 89' lang='lat' dir='ltr'><strong>religiosi</strong></span> <span class='ocrx_word' id='word_1_117' title='bbox 1713 1733 1989 1799; x_wconf 90' lang='lat' dir='ltr'><strong>eiusdem</strong></span> <span class='ocrx_word' id='word_1_118' title='bbox 2024 1732 2278 1800; x_wconf 89' lang='lat' dir='ltr'><strong>Ordinis</strong></span> <span class='ocrx_word' id='word_1_119' title='bbox 2316 1732 2393 1798; x_wconf 90' lang='lat' dir='ltr'><strong>ad</strong></span> <span class='ocrx_word' id='word_1_120' title='bbox 2439 1751 2621 1817; x_wconf 91' lang='lat' dir='ltr'><strong>quem</strong></span> <span class='ocrx_word' id='word_1_121' title='bbox 2668 1731 2936 1816; x_wconf 86' lang='lat' dir='ltr'><strong>pertinet</strong></span> 
     </span>
     <span class='ocr_line' id='line_1_15' title="bbox 445 1836 2932 1922; baseline 0 -21"><span class='ocrx_word' id='word_1_122' title='bbox 445 1839 595 1922; x_wconf 89' lang='lat' dir='ltr'><strong>ipse,</strong></span> <span class='ocrx_word' id='word_1_123' title='bbox 643 1839 733 1902; x_wconf 88' lang='lat' dir='ltr'><strong>ita</strong></span> <span class='ocrx_word' id='word_1_124' title='bbox 775 1839 845 1901; x_wconf 90' lang='lat' dir='ltr'><strong>ut</strong></span> <span class='ocrx_word' id='word_1_125' title='bbox 886 1837 949 1901; x_wconf 91' lang='lat' dir='ltr'><strong>in</strong></span> <span class='ocrx_word' id='word_1_126' title='bbox 980 1841 1295 1903; x_wconf 87' lang='lat' dir='ltr'><strong>reservata</strong></span> <span class='ocrx_word' id='word_1_127' title='bbox 1338 1838 1564 1921; x_wconf 91' lang='lat' dir='ltr'><strong>proprii</strong></span> <span class='ocrx_word' id='word_1_128' title='bbox 1605 1837 1855 1904; x_wconf 87' lang='lat' dir='ltr'><strong>Ordinis</strong></span> <span class='ocrx_word' id='word_1_129' title='bbox 1903 1837 2131 1922; x_wconf 88' lang='lat' dir='ltr'><strong>polleat</strong></span> <span class='ocrx_word' id='word_1_130' title='bbox 2174 1836 2595 1904; x_wconf 90' lang='lat' dir='ltr'><strong>iurisdictione</strong></span> <span class='ocrx_word' id='word_1_131' title='bbox 2641 1857 2758 1903; x_wconf 87' lang='lat' dir='ltr'><strong>non</strong></span> <span class='ocrx_word' id='word_1_132' title='bbox 2808 1836 2932 1903; x_wconf 91' lang='lat' dir='ltr'><strong>for·</strong></span> 
     </span>
     <span class='ocr_line' id='line_1_16' title="bbox 451 1939 2933 2028; baseline 0.001 -22"><span class='ocrx_word' id='word_1_133' title='bbox 451 1941 700 2007; x_wconf 87' lang='lat' dir='ltr'><strong>maliter</strong></span> <span class='ocrx_word' id='word_1_134' title='bbox 753 1959 791 2005; x_wconf 98' lang='lat' dir='ltr'><strong>a</strong></span> <span class='ocrx_word' id='word_1_135' title='bbox 834 1939 1156 2024; x_wconf 89' lang='lat' dir='ltr'><strong>Superiore</strong></span> <span class='ocrx_word' id='word_1_136' title='bbox 1203 1945 1452 2025; x_wconf 88' lang='lat' dir='ltr'><strong>accepta</strong></span> <span class='ocrx_word' id='word_1_137' title='bbox 1472 1993 1486 2020; x_wconf 89' lang='lat'><strong>,</strong></span> <span class='ocrx_word' id='word_1_138' title='bbox 1559 1961 1638 2007; x_wconf 89' lang='lat' dir='ltr'><strong>an</strong></span> <span class='ocrx_word' id='word_1_139' title='bbox 1684 1945 1898 2008; x_wconf 87' lang='lat' dir='ltr'><strong>contra</strong></span> <span class='ocrx_word' id='word_1_140' title='bbox 1941 1945 2255 2008; x_wconf 89' lang='lat' dir='ltr'><strong>coercetur</strong></span> <span class='ocrx_word' id='word_1_141' title='bbox 2303 1961 2447 2008; x_wconf 87' lang='lat' dir='ltr'><strong>usus</strong></span> <span class='ocrx_word' id='word_1_142' title='bbox 2489 1942 2567 2007; x_wconf 90' lang='lat' dir='ltr'><strong>ad</strong></span> <span class='ocrx_word' id='word_1_143' title='bbox 2614 1942 2933 2028; x_wconf 87' lang='lat' dir='ltr'><strong>religiosos</strong></span> 
     </span>
     <span class='ocr_line' id='line_1_17' title="bbox 448 2048 814 2112; baseline 0.003 -2"><span class='ocrx_word' id='word_1_144' title='bbox 448 2048 814 2112; x_wconf 78' lang='lat' dir='ltr'><strong>extraneos?</strong></span> 
     </span>
    </p>

    <p class='ocr_par' dir='ltr' id='par_1_4' title="bbox 450 2148 2932 2760">
     <span class='ocr_line' id='line_1_18' title="bbox 656 2148 2929 2235; baseline 0 -19"><span class='ocrx_word' id='word_1_145' title='bbox 656 2150 765 2218; x_wconf 83' lang='lat' dir='ltr'><strong>IV.</strong></span> <span class='ocrx_word' id='word_1_146' title='bbox 827 2150 1047 2216; x_wconf 91' lang='lat' dir='ltr'><strong>Utrum</strong></span> <span class='ocrx_word' id='word_1_147' title='bbox 1113 2148 1399 2234; x_wconf 87' lang='lat' dir='ltr'><strong>Superior</strong></span> <span class='ocrx_word' id='word_1_148' title='bbox 1460 2150 1562 2234; x_wconf 90' lang='lat' dir='ltr'><strong>qui</strong></span> <span class='ocrx_word' id='word_1_149' title='bbox 1625 2148 2062 2216; x_wconf 89' lang='lat' dir='ltr'><strong>confessionem</strong></span> <span class='ocrx_word' id='word_1_150' title='bbox 2104 2150 2451 2235; x_wconf 89' lang='lat' dir='ltr'><strong>permittit,</strong></span> <span class='ocrx_word' id='word_1_151' title='bbox 2513 2151 2730 2217; x_wconf 86' lang='lat' dir='ltr'><strong>addita</strong></span> <span class='ocrx_word' id='word_1_152' title='bbox 2788 2170 2929 2217; x_wconf 90' lang='lat' dir='ltr'><strong>con-</strong></span> 
     </span>
     <span class='ocr_line' id='line_1_19' title="bbox 454 2253 2930 2338; baseline 0 -18"><span class='ocrx_word' id='word_1_153' title='bbox 454 2254 720 2333; x_wconf 90' lang='lat' dir='ltr'><strong>ditione,</strong></span> <span class='ocrx_word' id='word_1_154' title='bbox 785 2275 842 2323; x_wconf 90' lang='lat' dir='ltr'><strong>v.</strong></span> <span class='ocrx_word' id='word_1_155' title='bbox 891 2273 983 2338; x_wconf 87' lang='lat' dir='ltr'><strong>gr.</strong></span> <span class='ocrx_word' id='word_1_156' title='bbox 1050 2253 1435 2320; x_wconf 80' lang='lat' dir='ltr'><strong>»Dummodo</strong></span> <span class='ocrx_word' id='word_1_157' title='bbox 1495 2272 1602 2338; x_wconf 91' lang='lat' dir='ltr'><strong>pro</strong></span> <span class='ocrx_word' id='word_1_158' title='bbox 1645 2255 1974 2321; x_wconf 88' lang='lat' dir='ltr'><strong>reservatis</strong></span> <span class='ocrx_word' id='word_1_159' title='bbox 2035 2273 2237 2320; x_wconf 87' lang='lat' dir='ltr'><strong>serves</strong></span> <span class='ocrx_word' id='word_1_160' title='bbox 2296 2254 2545 2321; x_wconf 88' lang='lat' dir='ltr'><strong>Ordinis</strong></span> <span class='ocrx_word' id='word_1_161' title='bbox 2606 2258 2930 2322; x_wconf 89' lang='lat' dir='ltr'><strong>consuetu-</strong></span> 
     </span>
     <span class='ocr_line' id='line_1_20' title="bbox 453 2358 2932 2443; baseline 0.001 -20"><span class='ocrx_word' id='word_1_162' title='bbox 453 2359 699 2424; x_wconf 81' lang='lat' dir='ltr'><strong>dinem»</strong></span> <span class='ocrx_word' id='word_1_163' title='bbox 749 2359 1044 2443; x_wconf 88' lang='lat' dir='ltr'><strong>impedire</strong></span> <span class='ocrx_word' id='word_1_164' title='bbox 1091 2358 1299 2425; x_wconf 88' lang='lat' dir='ltr'><strong>valeat</strong></span> <span class='ocrx_word' id='word_1_165' title='bbox 1342 2359 1658 2442; x_wconf 86' lang='lat' dir='ltr'><strong>praefatae</strong></span> <span class='ocrx_word' id='word_1_166' title='bbox 1704 2358 2023 2425; x_wconf 88' lang='lat' dir='ltr'><strong>facultatis</strong></span> <span class='ocrx_word' id='word_1_167' title='bbox 2069 2378 2283 2436; x_wconf 86' lang='lat' dir='ltr'><strong>usum;</strong></span> <span class='ocrx_word' id='word_1_168' title='bbox 2332 2379 2410 2424; x_wconf 86' lang='lat' dir='ltr'><strong>an</strong></span> <span class='ocrx_word' id='word_1_169' title='bbox 2455 2361 2698 2438; x_wconf 89' lang='lat' dir='ltr'><strong>contra,</strong></span> <span class='ocrx_word' id='word_1_170' title='bbox 2744 2361 2932 2430; x_wconf 88' lang='lat' dir='ltr'><strong>semel</strong></span> 
     </span>
     <span class='ocr_line' id='line_1_21' title="bbox 454 2462 2931 2541; baseline 0 -10"><span class='ocrx_word' id='word_1_171' title='bbox 454 2481 741 2531; x_wconf 89' lang='lat' dir='ltr'><strong>concessa</strong></span> <span class='ocrx_word' id='word_1_172' title='bbox 784 2462 1112 2530; x_wconf 83' lang='lat' dir='ltr'><strong>confitendi</strong></span> <span class='ocrx_word' id='word_1_173' title='bbox 1159 2463 1445 2541; x_wconf 89' lang='lat' dir='ltr'><strong>licentia,</strong></span> <span class='ocrx_word' id='word_1_174' title='bbox 1504 2462 1738 2529; x_wconf 87' lang='lat' dir='ltr'><strong>electus</strong></span> <span class='ocrx_word' id='word_1_175' title='bbox 1784 2463 2189 2531; x_wconf 86' lang='lat' dir='ltr'><strong>confessarius</strong></span> <span class='ocrx_word' id='word_1_176' title='bbox 2234 2463 2461 2531; x_wconf 89' lang='lat' dir='ltr'><strong>babeat</strong></span> <span class='ocrx_word' id='word_1_177' title='bbox 2506 2463 2562 2531; x_wconf 95' lang='lat' dir='ltr'><strong>vi</strong></span> <span class='ocrx_word' id='word_1_178' title='bbox 2611 2464 2931 2533; x_wconf 86' lang='lat' dir='ltr'><strong>facultatis</strong></span> 
     </span>
     <span class='ocr_line' id='line_1_22' title="bbox 454 2568 2930 2654; baseline 0.001 -19"><span class='ocrx_word' id='word_1_179' title='bbox 454 2569 972 2636; x_wconf 88' lang='lat' dir='ltr'><strong>Poenitentiariae</strong></span> <span class='ocrx_word' id='word_1_180' title='bbox 1014 2571 1387 2654; x_wconf 89' lang='lat' dir='ltr'><strong>potestatem</strong></span> <span class='ocrx_word' id='word_1_181' title='bbox 1448 2568 1511 2634; x_wconf 92' lang='lat' dir='ltr'><strong>in</strong></span> <span class='ocrx_word' id='word_1_182' title='bbox 1558 2570 1872 2635; x_wconf 86' lang='lat' dir='ltr'><strong>reservata</strong></span> <span class='ocrx_word' id='word_1_183' title='bbox 1912 2587 1949 2633; x_wconf 90' lang='lat' dir='ltr'><strong>a</strong></span> <span class='ocrx_word' id='word_1_184' title='bbox 1996 2569 2313 2635; x_wconf 89' lang='lat' dir='ltr'><strong>voluntate</strong></span> <span class='ocrx_word' id='word_1_185' title='bbox 2367 2568 2706 2654; x_wconf 85' lang='lat' dir='ltr'><strong>Superioris</strong></span> <span class='ocrx_word' id='word_1_186' title='bbox 2747 2570 2930 2654; x_wconf 87' lang='lat' dir='ltr'><strong>plane</strong></span> 
     </span>
     <span class='ocr_line' id='line_1_23' title="bbox 450 2675 1012 2760; baseline 0 -19"><span class='ocrx_word' id='word_1_187' title='bbox 450 2675 752 2760; x_wconf 86' lang='lat' dir='ltr'><strong>independ</strong></span> <span class='ocrx_word' id='word_1_188' title='bbox 759 2678 963 2743; x_wconf 91' lang='lat' dir='ltr'><strong>entem</strong></span> <span class='ocrx_word' id='word_1_189' title='bbox 979 2677 1012 2741; x_wconf 72' lang='lat'><strong>1³</strong></span> 
     </span>
    </p>

    <p class='ocr_par' dir='ltr' id='par_1_5' title="bbox 451 2779 2933 3074">
     <span class='ocr_line' id='line_1_24' title="bbox 662 2779 2929 2865; baseline 0 -18"><span class='ocrx_word' id='word_1_190' title='bbox 662 2782 732 2847; x_wconf 89' lang='lat' dir='ltr'><strong>V.</strong></span> <span class='ocrx_word' id='word_1_191' title='bbox 781 2782 948 2848; x_wconf 90' lang='lat' dir='ltr'><strong>Num</strong></span> <span class='ocrx_word' id='word_1_192' title='bbox 1007 2780 1174 2846; x_wconf 88' lang='lat' dir='ltr'><strong>dicta</strong></span> <span class='ocrx_word' id='word_1_193' title='bbox 1233 2799 1293 2846; x_wconf 92' lang='lat' dir='ltr'><strong>n.</strong></span> <span class='ocrx_word' id='word_1_194' title='bbox 1341 2779 1449 2845; x_wconf 87' lang='lat' dir='ltr'><strong>lv.</strong></span> <span class='ocrx_word' id='word_1_195' title='bbox 1491 2779 1739 2846; x_wconf 89' lang='lat' dir='ltr'><strong>omuino</strong></span> <span class='ocrx_word' id='word_1_196' title='bbox 1778 2779 2205 2845; x_wconf 86' lang='lat' dir='ltr'><strong>transferenda</strong></span> <span class='ocrx_word' id='word_1_197' title='bbox 2266 2782 2408 2845; x_wconf 87' lang='lat' dir='ltr'><strong>sunt</strong></span> <span class='ocrx_word' id='word_1_198' title='bbox 2462 2780 2524 2844; x_wconf 93' lang='lat' dir='ltr'><strong>in</strong></span> <span class='ocrx_word' id='word_1_199' title='bbox 2571 2780 2929 2865; x_wconf 88' lang='lat' dir='ltr'><strong>religiosum</strong></span> 
     </span>
     <span class='ocr_line' id='line_1_25' title="bbox 451 2882 2933 2970; baseline -0.002 -15"><span class='ocrx_word' id='word_1_200' title='bbox 451 2891 886 2963; x_wconf 79' lang='lat' dir='ltr'><strong>itinerantem,</strong></span> <span class='ocrx_word' id='word_1_201' title='bbox 973 2885 1080 2969; x_wconf 89' lang='lat' dir='ltr'><strong>qui</strong></span> <span class='ocrx_word' id='word_1_202' title='bbox 1142 2885 1219 2950; x_wconf 90' lang='lat' dir='ltr'><strong>ad</strong></span> <span class='ocrx_word' id='word_1_203' title='bbox 1297 2884 1643 2950; x_wconf 90' lang='lat' dir='ltr'><strong>adeundum</strong></span> <span class='ocrx_word' id='word_1_204' title='bbox 1709 2882 2161 2953; x_wconf 79' lang='lat' dir='ltr'><strong>confessarium</strong></span> <span class='ocrx_word' id='word_1_205' title='bbox 2230 2887 2585 2950; x_wconf 83' lang='lat' dir='ltr'><strong>extraneum</strong></span> <span class='ocrx_word' id='word_1_206' title='bbox 2649 2903 2933 2970; x_wconf 82' lang='lat' dir='ltr'><strong>expressa</strong></span> 
     </span>
     <span class='ocr_line' id='line_1_26' title="bbox 451 2984 1809 3074; baseline -0.001 -18"><span class='ocrx_word' id='word_1_207' title='bbox 451 2990 795 3074; x_wconf 89' lang='lat' dir='ltr'><strong>Superioris</strong></span> <span class='ocrx_word' id='word_1_208' title='bbox 839 2989 1137 3054; x_wconf 88' lang='lat' dir='ltr'><strong>facultate</strong></span> <span class='ocrx_word' id='word_1_209' title='bbox 1182 3007 1297 3053; x_wconf 93' lang='lat' dir='ltr'><strong>non</strong></span> <span class='ocrx_word' id='word_1_210' title='bbox 1346 2988 1568 3054; x_wconf 88' lang='lat' dir='ltr'><strong>habuit</strong></span> <span class='ocrx_word' id='word_1_211' title='bbox 1608 2984 1809 3072; x_wconf 70' lang='lat' dir='ltr'><strong>opus?</strong></span> 
     </span>
    </p>

    <p class='ocr_par' dir='ltr' id='par_1_6' title="bbox 450 3091 2932 3597">
     <span class='ocr_line' id='line_1_27' title="bbox 656 3091 2932 3179; baseline -0 -18"><span class='ocrx_word' id='word_1_212' title='bbox 656 3092 846 3161; x_wconf 87' lang='lat' dir='ltr'><strong>Sacra</strong></span> <span class='ocrx_word' id='word_1_213' title='bbox 892 3091 1410 3172; x_wconf 89' lang='lat' dir='ltr'><strong>Poenitentiaria,</strong></span> <span class='ocrx_word' id='word_1_214' title='bbox 1472 3096 1713 3159; x_wconf 89' lang='lat' dir='ltr'><strong>mature</strong></span> <span class='ocrx_word' id='word_1_215' title='bbox 1757 3094 2071 3177; x_wconf 89' lang='lat' dir='ltr'><strong>perpensis</strong></span> <span class='ocrx_word' id='word_1_216' title='bbox 2110 3094 2399 3177; x_wconf 83' lang='lat' dir='ltr'><strong>expositis</strong></span> <span class='ocrx_word' id='word_1_217' title='bbox 2419 3143 2435 3172; x_wconf 97' lang='lat'><strong>,</strong></span> <span class='ocrx_word' id='word_1_218' title='bbox 2499 3094 2575 3159; x_wconf 91' lang='lat' dir='ltr'><strong>ad</strong></span> <span class='ocrx_word' id='word_1_219' title='bbox 2622 3096 2932 3179; x_wconf 85' lang='lat' dir='ltr'><strong>proposita</strong></span> 
     </span>
     <span class='ocr_line' id='line_1_28' title="bbox 451 3195 2928 3290; baseline 0.001 -28"><span class='ocrx_word' id='word_1_220' title='bbox 451 3198 635 3263; x_wconf 85' lang='lat' dir='ltr'><strong>dubia</strong></span> <span class='ocrx_word' id='word_1_221' title='bbox 682 3197 1041 3282; x_wconf 86' lang='lat' dir='ltr'><strong>respondet:</strong></span> <span class='ocrx_word' id='word_1_222' title='bbox 1085 3196 1163 3263; x_wconf 87' lang='lat' dir='ltr'><strong>ad</strong></span> <span class='ocrx_word' id='word_1_223' title='bbox 1199 3200 1365 3290; x_wconf 65' lang='lat' dir='ltr'><strong>l.}¹¹¹¹.</strong></span> <span class='ocrx_word' id='word_1_224' title='bbox 1404 3196 1469 3263; x_wconf 90' lang='lat' dir='ltr'><strong>Si</strong></span> <span class='ocrx_word' id='word_1_225' title='bbox 1498 3195 1787 3279; x_wconf 88' lang='lat' dir='ltr'><strong>Superior</strong></span> <span class='ocrx_word' id='word_1_226' title='bbox 1842 3196 2058 3263; x_wconf 87' lang='lat' dir='ltr'><strong>domus</strong></span> <span class='ocrx_word' id='word_1_227' title='bbox 2101 3199 2330 3282; x_wconf 90' lang='lat' dir='ltr'><strong>aliique</strong></span> <span class='ocrx_word' id='word_1_228' title='bbox 2378 3200 2736 3265; x_wconf 88' lang='lat' dir='ltr'><strong>confessarii</strong></span> <span class='ocrx_word' id='word_1_229' title='bbox 2766 3202 2928 3265; x_wconf 89' lang='lat' dir='ltr'><strong>tam-</strong></span> 
     </span>
     <span class='ocr_line' id='line_1_29' title="bbox 450 3300 2928 3389; baseline 0 -21"><span class='ocrx_word' id='word_1_230' title='bbox 450 3304 556 3368; x_wconf 91' lang='lat' dir='ltr'><strong>diu</strong></span> <span class='ocrx_word' id='word_1_231' title='bbox 603 3302 811 3368; x_wconf 86' lang='lat' dir='ltr'><strong>absint</strong></span> <span class='ocrx_word' id='word_1_232' title='bbox 855 3301 1075 3368; x_wconf 88' lang='lat' dir='ltr'><strong>saltem</strong></span> <span class='ocrx_word' id='word_1_233' title='bbox 1124 3321 1230 3386; x_wconf 93' lang='lat' dir='ltr'><strong>per</strong></span> <span class='ocrx_word' id='word_1_234' title='bbox 1276 3320 1466 3367; x_wconf 92' lang='lat' dir='ltr'><strong>unum</strong></span> <span class='ocrx_word' id='word_1_235' title='bbox 1528 3300 1693 3369; x_wconf 90' lang='lat' dir='ltr'><strong>diem</strong></span> <span class='ocrx_word' id='word_1_236' title='bbox 1743 3304 1812 3367; x_wconf 92' lang='lat' dir='ltr'><strong>ut</strong></span> <span class='ocrx_word' id='word_1_237' title='bbox 1854 3319 2042 3386; x_wconf 91' lang='lat' dir='ltr'><strong>grave</strong></span> <span class='ocrx_word' id='word_1_238' title='bbox 2097 3303 2181 3369; x_wconf 90' lang='lat' dir='ltr'><strong>sit</strong></span> <span class='ocrx_word' id='word_1_239' title='bbox 2241 3303 2526 3389; x_wconf 88' lang='lat' dir='ltr'><strong>religioso</strong></span> <span class='ocrx_word' id='word_1_240' title='bbox 2592 3304 2928 3388; x_wconf 88' lang='lat' dir='ltr'><strong>poenitenti</strong></span> 
     </span>
     <span class='ocr_line' id='line_1_30' title="bbox 451 3405 2930 3489; baseline 0.001 -17"><span class='ocrx_word' id='word_1_241' title='bbox 451 3412 579 3472; x_wconf 88' lang='lat' dir='ltr'><strong>toto</strong></span> <span class='ocrx_word' id='word_1_242' title='bbox 626 3425 695 3472; x_wconf 90' lang='lat' dir='ltr'><strong>eo</strong></span> <span class='ocrx_word' id='word_1_243' title='bbox 741 3408 1012 3489; x_wconf 89' lang='lat' dir='ltr'><strong>tempore</strong></span> <span class='ocrx_word' id='word_1_244' title='bbox 1072 3423 1277 3471; x_wconf 90' lang='lat' dir='ltr'><strong>carere</strong></span> <span class='ocrx_word' id='word_1_245' title='bbox 1323 3405 1709 3472; x_wconf 87' lang='lat' dir='ltr'><strong>absolutione</strong></span> <span class='ocrx_word' id='word_1_246' title='bbox 1756 3407 2225 3486; x_wconf 79' lang='lat' dir='ltr'><strong>sacramentali,</strong></span> <span class='ocrx_word' id='word_1_247' title='bbox 2301 3409 2353 3473; x_wconf 90' lang='lat' dir='ltr'><strong>is</strong></span> <span class='ocrx_word' id='word_1_248' title='bbox 2398 3409 2569 3474; x_wconf 86' lang='lat' dir='ltr'><strong>licite</strong></span> <span class='ocrx_word' id='word_1_249' title='bbox 2615 3412 2679 3475; x_wconf 92' lang='lat' dir='ltr'><strong>et</strong></span> <span class='ocrx_word' id='word_1_250' title='bbox 2727 3410 2930 3476; x_wconf 86' lang='lat' dir='ltr'><strong>valide</strong></span> 
     </span>
     <span class='ocr_line' id='line_1_31' title="bbox 451 3510 2534 3597; baseline 0.002 -22"><span class='ocrx_word' id='word_1_251' title='bbox 451 3510 791 3577; x_wconf 87' lang='lat' dir='ltr'><strong>absolvitur</strong></span> <span class='ocrx_word' id='word_1_252' title='bbox 834 3511 913 3576; x_wconf 88' lang='lat' dir='ltr'><strong>ab</strong></span> <span class='ocrx_word' id='word_1_253' title='bbox 959 3513 1247 3578; x_wconf 89' lang='lat' dir='ltr'><strong>extraneo</strong></span> <span class='ocrx_word' id='word_1_254' title='bbox 1292 3511 1663 3578; x_wconf 85' lang='lat' dir='ltr'><strong>confessario</strong></span> <span class='ocrx_word' id='word_1_255' title='bbox 1708 3511 1925 3578; x_wconf 90' lang='lat' dir='ltr'><strong>idoneo</strong></span> <span class='ocrx_word' id='word_1_256' title='bbox 1971 3512 2031 3580; x_wconf 86' lang='lat' dir='ltr'><strong>h.</strong></span> <span class='ocrx_word' id='word_1_257' title='bbox 2080 3532 2131 3578; x_wconf 91' lang='lat' dir='ltr'><strong>e.</strong></span> <span class='ocrx_word' id='word_1_258' title='bbox 2180 3514 2534 3597; x_wconf 86' lang='lat' dir='ltr'><strong>approbato.</strong></span> 
     </span>
    </p>

    <p class='ocr_par' dir='ltr' id='par_1_7' title="bbox 446 3614 2931 4330">
     <span class='ocr_line' id='line_1_32' title="bbox 657 3614 2928 3702; baseline 0.003 -21"><span class='ocrx_word' id='word_1_259' title='bbox 657 3652 742 3662; x_wconf 95' lang='lat'>—</span> <span class='ocrx_word' id='word_1_260' title='bbox 792 3616 885 3682; x_wconf 84' lang='lat' dir='ltr'><strong>Ad</strong></span> <span class='ocrx_word' id='word_1_261' title='bbox 931 3615 1556 3702; x_wconf 69' lang='lat' dir='ltr'><strong>II.⁸²¹¹¹„‘5Affirmative</strong></span> <span class='ocrx_word' id='word_1_262' title='bbox 1606 3656 1670 3665; x_wconf 94' lang='lat'><em>-</em></span> <span class='ocrx_word' id='word_1_263' title='bbox 1732 3617 1809 3681; x_wconf 94' lang='lat' dir='ltr'><strong>ad</strong></span> <span class='ocrx_word' id='word_1_264' title='bbox 1850 3614 2052 3683; x_wconf 80' lang='lat' dir='ltr'>III.¹¹¹¹²</span> <span class='ocrx_word' id='word_1_265' title='bbox 2104 3618 2445 3685; x_wconf 90' lang='lat' dir='ltr'><strong>Dummodo</strong></span> <span class='ocrx_word' id='word_1_266' title='bbox 2507 3618 2928 3687; x_wconf 86' lang='lat' dir='ltr'><strong>Confessarius</strong></span> 
     </span>
     <span class='ocr_line' id='line_1_33' title="bbox 451 3721 2931 3810; baseline 0.002 -25"><span class='ocrx_word' id='word_1_267' title='bbox 451 3721 754 3805; x_wconf 88' lang='lat' dir='ltr'><strong>regularis</strong></span> <span class='ocrx_word' id='word_1_268' title='bbox 799 3722 1171 3807; x_wconf 88' lang='lat' dir='ltr'><strong>approbatus</strong></span> <span class='ocrx_word' id='word_1_269' title='bbox 1233 3723 1318 3789; x_wconf 93' lang='lat' dir='ltr'><strong>sit</strong></span> <span class='ocrx_word' id='word_1_270' title='bbox 1377 3723 1453 3788; x_wconf 90' lang='lat' dir='ltr'><strong>ad</strong></span> <span class='ocrx_word' id='word_1_271' title='bbox 1501 3723 1911 3808; x_wconf 90' lang='lat' dir='ltr'><strong>recipiendam</strong></span> <span class='ocrx_word' id='word_1_272' title='bbox 1969 3724 2423 3791; x_wconf 79' lang='lat' dir='ltr'><strong>confessionem</strong></span> <span class='ocrx_word' id='word_1_273' title='bbox 2473 3724 2747 3809; x_wconf 87' lang='lat' dir='ltr'><strong>religiosi</strong></span> <span class='ocrx_word' id='word_1_274' title='bbox 2788 3745 2931 3810; x_wconf 89' lang='lat' dir='ltr'><strong>pro-</strong></span> 
     </span>
     <span class='ocr_line' id='line_1_34' title="bbox 450 3825 2926 3913; baseline 0.003 -24"><span class='ocrx_word' id='word_1_275' title='bbox 450 3825 564 3909; x_wconf 87' lang='lat' dir='ltr'><strong>prii</strong></span> <span class='ocrx_word' id='word_1_276' title='bbox 611 3826 842 3892; x_wconf 91' lang='lat' dir='ltr'><strong>ordinis</strong></span> <span class='ocrx_word' id='word_1_277' title='bbox 887 3828 1270 3908; x_wconf 75' lang='lat' dir='ltr'><strong>affirmative</strong></span> <span class='ocrx_word' id='word_1_278' title='bbox 1315 3827 1391 3892; x_wconf 90' lang='lat' dir='ltr'><strong>ad</strong></span> <span class='ocrx_word' id='word_1_279' title='bbox 1442 3828 1702 3910; x_wconf 88' lang='lat' dir='ltr'><strong>primam</strong></span> <span class='ocrx_word' id='word_1_280' title='bbox 1740 3833 1995 3912; x_wconf 87' lang='lat' dir='ltr'><strong>partem,</strong></span> <span class='ocrx_word' id='word_1_281' title='bbox 2044 3832 2321 3913; x_wconf 75' lang='lat' dir='ltr'><strong>neyative</strong></span> <span class='ocrx_word' id='word_1_282' title='bbox 2353 3830 2429 3893; x_wconf 91' lang='lat' dir='ltr'><strong>ad</strong></span> <span class='ocrx_word' id='word_1_283' title='bbox 2461 3831 2820 3896; x_wconf 90' lang='lat' dir='ltr'><strong>secundam.</strong></span> <span class='ocrx_word' id='word_1_284' title='bbox 2852 3865 2926 3878; x_wconf 93' lang='lat'><strong>——</strong></span> 
     </span>
     <span class='ocr_line' id='line_1_35' title="bbox 449 3928 2923 4017; baseline 0.003 -22"><span class='ocrx_word' id='word_1_285' title='bbox 449 3930 544 3995; x_wconf 86' lang='lat' dir='ltr'><strong>Ad</strong></span> <span class='ocrx_word' id='word_1_286' title='bbox 591 3928 784 3995; x_wconf 80' lang='lat' dir='ltr'>IV.¹²¹¹¹</span> <span class='ocrx_word' id='word_1_287' title='bbox 834 3933 1134 4016; x_wconf 73' lang='lat' dir='ltr'><strong>Neyative</strong></span> <span class='ocrx_word' id='word_1_288' title='bbox 1178 3933 1254 3997; x_wconf 84' lang='lat' dir='ltr'><strong>ad</strong></span> <span class='ocrx_word' id='word_1_289' title='bbox 1298 3933 1563 4016; x_wconf 88' lang='lat' dir='ltr'><strong>primam</strong></span> <span class='ocrx_word' id='word_1_290' title='bbox 1611 3934 1872 4016; x_wconf 88' lang='lat' dir='ltr'><strong>partem,</strong></span> <span class='ocrx_word' id='word_1_291' title='bbox 1919 3934 2298 4017; x_wconf 75' lang='lat' dir='ltr'><strong>affirmative</strong></span> <span class='ocrx_word' id='word_1_292' title='bbox 2333 3934 2409 3997; x_wconf 89' lang='lat' dir='ltr'><strong>ad</strong></span> <span class='ocrx_word' id='word_1_293' title='bbox 2457 3935 2809 4003; x_wconf 85' lang='lat' dir='ltr'><strong>secundam.</strong></span> <span class='ocrx_word' id='word_1_294' title='bbox 2853 3972 2923 3982; x_wconf 67' lang='grc'><strong>«-</strong></span> 
     </span>
     <span class='ocr_line' id='line_1_36' title="bbox 450 4036 2928 4107; baseline 0 -3"><span class='ocrx_word' id='word_1_295' title='bbox 450 4038 544 4104; x_wconf 83' lang='lat' dir='ltr'><strong>Ad</strong></span> <span class='ocrx_word' id='word_1_296' title='bbox 607 4037 778 4104; x_wconf 77' lang='lat' dir='ltr'>V.¹¹¹¹³</span> <span class='ocrx_word' id='word_1_297' title='bbox 838 4038 902 4103; x_wconf 88' lang='lat' dir='ltr'><strong>Si</strong></span> <span class='ocrx_word' id='word_1_298' title='bbox 966 4036 1389 4102; x_wconf 77' lang='lat' dir='ltr'><strong>confessarius</strong></span> <span class='ocrx_word' id='word_1_299' title='bbox 1448 4039 1772 4102; x_wconf 82' lang='lat' dir='ltr'><strong>extraneus</strong></span> <span class='ocrx_word' id='word_1_300' title='bbox 1829 4039 2060 4105; x_wconf 87' lang='lat' dir='ltr'><strong>habeat</strong></span> <span class='ocrx_word' id='word_1_301' title='bbox 2120 4057 2157 4103; x_wconf 88' lang='lat' dir='ltr'><strong>a</strong></span> <span class='ocrx_word' id='word_1_302' title='bbox 2218 4038 2278 4107; x_wconf 92' lang='lat' dir='ltr'><strong>S.</strong></span> <span class='ocrx_word' id='word_1_303' title='bbox 2340 4039 2494 4105; x_wconf 87' lang='lat' dir='ltr'><strong>Sede</strong></span> <span class='ocrx_word' id='word_1_304' title='bbox 2562 4040 2928 4106; x_wconf 89' lang='lat' dir='ltr'><strong>facultatem</strong></span> 
     </span>
     <span class='ocr_line' id='line_1_37' title="bbox 449 4139 2925 4229; baseline 0.001 -19"><span class='ocrx_word' id='word_1_305' title='bbox 449 4143 802 4209; x_wconf 87' lang='lat' dir='ltr'><strong>absolvendi</strong></span> <span class='ocrx_word' id='word_1_306' title='bbox 847 4139 1167 4224; x_wconf 90' lang='lat' dir='ltr'><strong>religiosos</strong></span> <span class='ocrx_word' id='word_1_307' title='bbox 1214 4160 1251 4206; x_wconf 92' lang='lat' dir='ltr'><strong>a</strong></span> <span class='ocrx_word' id='word_1_308' title='bbox 1295 4140 1539 4206; x_wconf 87' lang='lat' dir='ltr'><strong>casibus</strong></span> <span class='ocrx_word' id='word_1_309' title='bbox 1597 4142 1924 4208; x_wconf 88' lang='lat' dir='ltr'><strong>reservatis</strong></span> <span class='ocrx_word' id='word_1_310' title='bbox 1968 4143 2032 4207; x_wconf 90' lang='lat' dir='ltr'><strong>in</strong></span> <span class='ocrx_word' id='word_1_311' title='bbox 2082 4162 2289 4209; x_wconf 88' lang='lat' dir='ltr'><strong>eorum</strong></span> <span class='ocrx_word' id='word_1_312' title='bbox 2337 4144 2599 4222; x_wconf 86' lang='lat' dir='ltr'><strong>Ordine,</strong></span> <span class='ocrx_word' id='word_1_313' title='bbox 2645 4147 2925 4229; x_wconf 75' lang='lat' dir='ltr'><strong>affima-</strong></span> 
     </span>
     <span class='ocr_line' id='line_1_38' title="bbox 446 4245 1169 4330; baseline -0.008 -15"><span class='ocrx_word' id='word_1_314' title='bbox 446 4252 584 4325; x_wconf 73' lang='lat' dir='ltr'><strong>tive,</strong></span> <span class='ocrx_word' id='word_1_315' title='bbox 630 4264 822 4322; x_wconf 84' lang='lat' dir='ltr'><strong>secus,</strong></span> <span class='ocrx_word' id='word_1_316' title='bbox 871 4245 1169 4330; x_wconf 76' lang='lat' dir='ltr'><strong>neyative.</strong></span> 
     </span>
    </p>

    <p class='ocr_par' dir='ltr' id='par_1_8' title="bbox 660 4349 2806 4542">
     <span class='ocr_line' id='line_1_39' title="bbox 660 4349 2806 4432; baseline 0.003 -17"><span class='ocrx_word' id='word_1_317' title='bbox 660 4350 885 4415; x_wconf 88' lang='lat' dir='ltr'><strong>Datum</strong></span> <span class='ocrx_word' id='word_1_318' title='bbox 936 4349 1179 4423; x_wconf 85' lang='lat' dir='ltr'><strong>Romae,</strong></span> <span class='ocrx_word' id='word_1_319' title='bbox 1227 4350 1289 4413; x_wconf 83' lang='lat' dir='ltr'><strong>in</strong></span> <span class='ocrx_word' id='word_1_320' title='bbox 1339 4349 1525 4414; x_wconf 84' lang='lat' dir='ltr'><strong>Sacra</strong></span> <span class='ocrx_word' id='word_1_321' title='bbox 1571 4351 2078 4432; x_wconf 85' lang='lat' dir='ltr'><strong>Poenitentiaria,</strong></span> <span class='ocrx_word' id='word_1_322' title='bbox 2131 4354 2227 4420; x_wconf 90' lang='lat' dir='ltr'><strong>die</strong></span> <span class='ocrx_word' id='word_1_323' title='bbox 2276 4354 2374 4420; x_wconf 89' lang='lat'><strong>14.</strong></span> <span class='ocrx_word' id='word_1_324' title='bbox 2426 4355 2575 4420; x_wconf 86' lang='lat' dir='ltr'><strong>Maii</strong></span> <span class='ocrx_word' id='word_1_325' title='bbox 2620 4356 2806 4421; x_wconf 81' lang='lat'>1902.</span> 
     </span>
     <span class='ocr_line' id='line_1_40' title="bbox 1655 4457 2674 4542; baseline 0.006 -20"><span class='ocrx_word' id='word_1_326' title='bbox 1655 4457 1740 4525; x_wconf 88' lang='lat' dir='ltr'><strong>B.</strong></span> <span class='ocrx_word' id='word_1_327' title='bbox 1792 4457 2084 4542; x_wconf 78' lang='lat' dir='ltr'><strong>Pompili,</strong></span> <span class='ocrx_word' id='word_1_328' title='bbox 2132 4460 2191 4527; x_wconf 91' lang='lat' dir='ltr'><strong>S.</strong></span> <span class='ocrx_word' id='word_1_329' title='bbox 2243 4460 2309 4526; x_wconf 89' lang='lat' dir='ltr'><strong>P.</strong></span> <span class='ocrx_word' id='word_1_330' title='bbox 2361 4460 2674 4529; x_wconf 78' lang='lat' dir='ltr'><strong>Datarius.</strong></span> 
     </span>
    </p>

    <p class='ocr_par' dir='ltr' id='par_1_9' title="bbox 1653 4560 2494 4644">
     <span class='ocr_line' id='line_1_41' title="bbox 1653 4560 2494 4644; baseline 0.004 -15"><span class='ocrx_word' id='word_1_331' title='bbox 1653 4563 1720 4629; x_wconf 89' lang='lat' dir='ltr'><strong>J.</strong></span> <span class='ocrx_word' id='word_1_332' title='bbox 1775 4560 2024 4644; x_wconf 71' lang='grc' dir='ltr'><strong>Ραῑτῗσα,</strong></span> <span class='ocrx_word' id='word_1_333' title='bbox 2071 4563 2130 4630; x_wconf 90' lang='lat' dir='ltr'><strong>S.</strong></span> <span class='ocrx_word' id='word_1_334' title='bbox 2179 4564 2241 4628; x_wconf 80' lang='lat' dir='ltr'><strong>P.</strong></span> <span class='ocrx_word' id='word_1_335' title='bbox 2290 4564 2494 4633; x_wconf 75' lang='lat' dir='ltr'><strong>Subst.</strong></span> 
     </span>
    </p>
   </div>
   <div class='ocr_carea' id='block_1_3' title="bbox 1386 4704 1641 4712">
    <p class='ocr_par' dir='ltr' id='par_1_10' title="bbox 1386 4704 1641 4712">
     <span class='ocr_line' id='line_1_42' title="bbox 1386 4704 1641 4712; baseline 0.008 -2"><span class='ocrx_word' id='word_1_336' title='bbox 1386 4704 1641 4712; x_wconf 79' lang='lat'><strong>——-.</strong></span> 
     </span>
    </p>
   </div>
   <div class='ocr_carea' id='block_1_4' title="bbox 1648 4706 2001 4714">
    <p class='ocr_par' dir='ltr' id='par_1_11' title="bbox 1648 4706 2001 4714">
     <span class='ocr_line' id='line_1_43' title="bbox 1648 4706 2001 4714; baseline 0 299"><span class='ocrx_word' id='word_1_337' title='bbox 1648 4706 2001 4714; x_wconf 95' lang='lat' dir='ltr'><strong> </strong></span> 
     </span>
    </p>
   </div>
  </div>
 </body>
</html>
