<?xml version="1.0" encoding="UTF-8"?>
<!DOCTYPE html PUBLIC "-//W3C//DTD XHTML 1.0 Transitional//EN"
    "http://www.w3.org/TR/xhtml1/DTD/xhtml1-transitional.dtd">
<html xmlns="http://www.w3.org/1999/xhtml" xml:lang="en" lang="en">
 <head>
  <title>
</title>
<meta http-equiv="Content-Type" content="text/html;charset=utf-8" />
  <meta name='ocr-system' content='tesseract 3.04.00' />
  <meta name='ocr-capabilities' content='ocr_page ocr_carea ocr_par ocr_line ocrx_word'/>
</head>
<body>
  <div class='ocr_page' id='page_1' title='image "./archivfrkatholi18unkngoog_0110.png"; bbox 0 0 3303 5013; ppageno 0'>
   <div class='ocr_carea' id='block_1_1' title="bbox 472 270 2103 343">
    <p class='ocr_par' dir='ltr' id='par_1_1' title="bbox 472 270 2103 343">
     <span class='ocr_line' id='line_1_1' title="bbox 472 270 2103 343; baseline 0.006 -10"><span class='ocrx_word' id='word_1_1' title='bbox 472 270 596 335; x_wconf 77' lang='grc'><strong>106</strong></span> <span class='ocrx_word' id='word_1_2' title='bbox 1312 286 1657 343; x_wconf 67' lang='grc' dir='ltr'><strong>Κδνοὴῑίοὴε</strong></span> <span class='ocrx_word' id='word_1_3' title='bbox 1701 286 2103 343; x_wconf 69' lang='lat' dir='ltr'><strong>Aktemmcke</strong></span> 
     </span>
    </p>
   </div>
   <div class='ocr_carea' id='block_1_2' title="bbox 456 460 2957 4726">
    <p class='ocr_par' dir='ltr' id='par_1_2' title="bbox 456 460 2957 4726">
     <span class='ocr_line' id='line_1_2' title="bbox 471 460 2957 549; baseline -0.001 -19"><span class='ocrx_word' id='word_1_4' title='bbox 471 462 898 531; x_wconf 85' lang='lat' dir='ltr'><strong>cisterciensis</strong></span> <span class='ocrx_word' id='word_1_5' title='bbox 943 461 1194 530; x_wconf 82' lang='lat' dir='ltr'><strong>Ordinis</strong></span> <span class='ocrx_word' id='word_1_6' title='bbox 1224 461 1748 549; x_wconf 78' lang='lat' dir='ltr'><strong>congregationes</strong></span> <span class='ocrx_word' id='word_1_7' title='bbox 1779 462 2076 548; x_wconf 79' lang='lat' dir='ltr'>originem</span> <span class='ocrx_word' id='word_1_8' title='bbox 2111 460 2357 529; x_wconf 82' lang='lat' dir='ltr'><strong>duxisse</strong></span> <span class='ocrx_word' id='word_1_9' title='bbox 2388 463 2742 540; x_wconf 88' lang='lat' dir='ltr'><strong>noscuntur,</strong></span> <span class='ocrx_word' id='word_1_10' title='bbox 2774 480 2957 546; x_wconf 89' lang='lat' dir='ltr'><strong>quae,</strong></span> 
     </span>
     <span class='ocr_line' id='line_1_3' title="bbox 470 566 2951 654; baseline -0.001 -19"><span class='ocrx_word' id='word_1_11' title='bbox 470 568 545 635; x_wconf 90' lang='lat' dir='ltr'><strong>ad</strong></span> <span class='ocrx_word' id='word_1_12' title='bbox 582 569 747 635; x_wconf 89' lang='lat' dir='ltr'><strong>vitae</strong></span> <span class='ocrx_word' id='word_1_13' title='bbox 779 568 1081 635; x_wconf 90' lang='lat' dir='ltr'><strong>rationem</strong></span> <span class='ocrx_word' id='word_1_14' title='bbox 1113 569 1380 654; x_wconf 85' lang='lat' dir='ltr'><strong>singulis</strong></span> <span class='ocrx_word' id='word_1_15' title='bbox 1412 568 1942 636; x_wconf 77' lang='lat' dir='ltr'><strong>accommodatam</strong></span> <span class='ocrx_word' id='word_1_16' title='bbox 1975 570 2040 634; x_wconf 88' lang='lat' dir='ltr'><strong>et</strong></span> <span class='ocrx_word' id='word_1_17' title='bbox 2070 568 2306 634; x_wconf 87' lang='lat' dir='ltr'><strong>noviter</strong></span> <span class='ocrx_word' id='word_1_18' title='bbox 2335 568 2595 634; x_wconf 81' lang='lat' dir='ltr'><strong>liberam</strong></span> <span class='ocrx_word' id='word_1_19' title='bbox 2626 566 2951 644; x_wconf 87' lang='lat' dir='ltr'><strong>enitentes,</strong></span> 
     </span>
     <span class='ocr_line' id='line_1_4' title="bbox 471 671 2948 759; baseline -0.002 -19"><span class='ocrx_word' id='word_1_20' title='bbox 471 695 508 740; x_wconf 88' lang='lat' dir='ltr'><strong>a</strong></span> <span class='ocrx_word' id='word_1_21' title='bbox 552 674 709 740; x_wconf 85' lang='lat' dir='ltr'><strong>Sede</strong></span> <span class='ocrx_word' id='word_1_22' title='bbox 750 675 1007 758; x_wconf 89' lang='lat' dir='ltr'><strong>parente</strong></span> <span class='ocrx_word' id='word_1_23' title='bbox 1052 675 1240 758; x_wconf 90' lang='lat' dir='ltr'><strong>atque</strong></span> <span class='ocrx_word' id='word_1_24' title='bbox 1284 674 1533 753; x_wconf 80' lang='lat' dir='ltr'><strong>altrice,</strong></span> <span class='ocrx_word' id='word_1_25' title='bbox 1597 678 1783 759; x_wconf 89' lang='lat' dir='ltr'><strong>atque</strong></span> <span class='ocrx_word' id='word_1_26' title='bbox 1844 673 1926 740; x_wconf 88' lang='lat' dir='ltr'><strong>ab</strong></span> <span class='ocrx_word' id='word_1_27' title='bbox 1984 672 2334 739; x_wconf 88' lang='lat' dir='ltr'><strong>obedientia</strong></span> <span class='ocrx_word' id='word_1_28' title='bbox 2382 671 2612 738; x_wconf 84' lang='lat' dir='ltr'><strong>Abbati</strong></span> <span class='ocrx_word' id='word_1_29' title='bbox 2660 671 2948 738; x_wconf 86' lang='lat' dir='ltr'><strong>Generali</strong></span> 
     </span>
     <span class='ocr_line' id='line_1_5' title="bbox 470 775 2953 863; baseline -0 -19"><span class='ocrx_word' id='word_1_30' title='bbox 470 779 616 844; x_wconf 90' lang='lat' dir='ltr'><strong>olim</strong></span> <span class='ocrx_word' id='word_1_31' title='bbox 664 778 960 862; x_wconf 87' lang='lat' dir='ltr'><strong>praestita</strong></span> <span class='ocrx_word' id='word_1_32' title='bbox 1006 778 1384 863; x_wconf 80' lang='lat' dir='ltr'><strong>pedetentim</strong></span> <span class='ocrx_word' id='word_1_33' title='bbox 1432 778 1764 858; x_wconf 81' lang='lat' dir='ltr'><strong>discedere,</strong></span> <span class='ocrx_word' id='word_1_34' title='bbox 1812 779 2033 863; x_wconf 84' lang='lat' dir='ltr'><strong>suique</strong></span> <span class='ocrx_word' id='word_1_35' title='bbox 2066 776 2193 845; x_wconf 87' lang='lat' dir='ltr'><strong>fere</strong></span> <span class='ocrx_word' id='word_1_36' title='bbox 2222 777 2378 843; x_wconf 91' lang='lat' dir='ltr'><strong>iuris</strong></span> <span class='ocrx_word' id='word_1_37' title='bbox 2408 775 2569 843; x_wconf 84' lang='lat' dir='ltr'><strong>effici</strong></span> <span class='ocrx_word' id='word_1_38' title='bbox 2601 776 2953 843; x_wconf 88' lang='lat' dir='ltr'><strong>sueverunt.</strong></span> 
     </span>
     <span class='ocr_line' id='line_1_6' title="bbox 472 880 2954 968; baseline -0.002 -19"><span class='ocrx_word' id='word_1_39' title='bbox 472 883 635 949; x_wconf 87' lang='lat' dir='ltr'><strong>Dum</strong></span> <span class='ocrx_word' id='word_1_40' title='bbox 676 882 841 948; x_wconf 88' lang='lat' dir='ltr'><strong>aliud</strong></span> <span class='ocrx_word' id='word_1_41' title='bbox 889 882 1029 948; x_wconf 89' lang='lat' dir='ltr'><strong>aliis</strong></span> <span class='ocrx_word' id='word_1_42' title='bbox 1076 883 1379 968; x_wconf 81' lang='lat' dir='ltr'><strong>placeret,</strong></span> <span class='ocrx_word' id='word_1_43' title='bbox 1433 885 1497 948; x_wconf 88' lang='lat' dir='ltr'><strong>et</strong></span> <span class='ocrx_word' id='word_1_44' title='bbox 1555 882 1866 950; x_wconf 90' lang='lat' dir='ltr'><strong>interioris</strong></span> <span class='ocrx_word' id='word_1_45' title='bbox 1926 881 2432 949; x_wconf 83' lang='lat' dir='ltr'><strong>dissimilitudine</strong></span> <span class='ocrx_word' id='word_1_46' title='bbox 2492 880 2954 947; x_wconf 83' lang='lat' dir='ltr'><strong>communitatis</strong></span> 
     </span>
     <span class='ocr_line' id='line_1_7' title="bbox 470 983 2953 1073; baseline -0 -20"><span class='ocrx_word' id='word_1_47' title='bbox 470 989 709 1053; x_wconf 87' lang='lat' dir='ltr'><strong>ceterae</strong></span> <span class='ocrx_word' id='word_1_48' title='bbox 755 987 1089 1067; x_wconf 88' lang='lat' dir='ltr'><strong>distarent,</strong></span> <span class='ocrx_word' id='word_1_49' title='bbox 1159 1007 1282 1054; x_wconf 91' lang='lat' dir='ltr'><strong>una</strong></span> <span class='ocrx_word' id='word_1_50' title='bbox 1336 986 1663 1073; x_wconf 87' lang='lat' dir='ltr'><strong>religiosae</strong></span> <span class='ocrx_word' id='word_1_51' title='bbox 1710 987 2073 1071; x_wconf 90' lang='lat' dir='ltr'><strong>disciplinae</strong></span> <span class='ocrx_word' id='word_1_52' title='bbox 2119 983 2435 1053; x_wconf 84' lang='lat' dir='ltr'><strong>restitutio</strong></span> <span class='ocrx_word' id='word_1_53' title='bbox 2480 986 2546 1052; x_wconf 92' lang='lat' dir='ltr'><strong>et</strong></span> <span class='ocrx_word' id='word_1_54' title='bbox 2584 985 2953 1064; x_wconf 89' lang='lat' dir='ltr'><strong>emendatio,</strong></span> 
     </span>
     <span class='ocr_line' id='line_1_8' title="bbox 470 1088 2954 1176; baseline -0 -20"><span class='ocrx_word' id='word_1_55' title='bbox 470 1110 655 1176; x_wconf 90' lang='lat' dir='ltr'><strong>quae,</strong></span> <span class='ocrx_word' id='word_1_56' title='bbox 701 1091 777 1158; x_wconf 90' lang='lat' dir='ltr'><strong>ob</strong></span> <span class='ocrx_word' id='word_1_57' title='bbox 824 1092 1057 1160; x_wconf 89' lang='lat' dir='ltr'><strong>arctius</strong></span> <span class='ocrx_word' id='word_1_58' title='bbox 1103 1092 1343 1159; x_wconf 88' lang='lat' dir='ltr'><strong>vivendi</strong></span> <span class='ocrx_word' id='word_1_59' title='bbox 1390 1112 1616 1176; x_wconf 90' lang='lat' dir='ltr'><strong>genus,</strong></span> <span class='ocrx_word' id='word_1_60' title='bbox 1680 1091 2029 1160; x_wconf 77' lang='lat' dir='ltr'><strong>Strictioris</strong></span> <span class='ocrx_word' id='word_1_61' title='bbox 2074 1091 2524 1159; x_wconf 76' lang='lat' dir='ltr'><strong>observantiae</strong></span> <span class='ocrx_word' id='word_1_62' title='bbox 2563 1090 2807 1156; x_wconf 89' lang='lat' dir='ltr'><strong>nomine</strong></span> <span class='ocrx_word' id='word_1_63' title='bbox 2853 1088 2954 1155; x_wconf 88' lang='lat' dir='ltr'><strong>de·</strong></span> 
     </span>
     <span class='ocr_line' id='line_1_9' title="bbox 470 1193 2953 1281; baseline -0 -21"><span class='ocrx_word' id='word_1_64' title='bbox 470 1195 792 1280; x_wconf 91' lang='lat' dir='ltr'><strong>signatur,</strong></span> <span class='ocrx_word' id='word_1_65' title='bbox 860 1197 1116 1262; x_wconf 87' lang='lat' dir='ltr'><strong>exeunte</strong></span> <span class='ocrx_word' id='word_1_66' title='bbox 1179 1197 1425 1263; x_wconf 88' lang='lat' dir='ltr'><strong>saeculo</strong></span> <span class='ocrx_word' id='word_1_67' title='bbox 1493 1196 1680 1274; x_wconf 89' lang='lat' dir='ltr'><strong>XVI,</strong></span> <span class='ocrx_word' id='word_1_68' title='bbox 1749 1197 2126 1281; x_wconf 87' lang='lat' dir='ltr'><strong>cogitatione</strong></span> <span class='ocrx_word' id='word_1_69' title='bbox 2189 1198 2255 1262; x_wconf 91' lang='lat' dir='ltr'><strong>et</strong></span> <span class='ocrx_word' id='word_1_70' title='bbox 2316 1194 2622 1262; x_wconf 89' lang='lat' dir='ltr'><strong>industria</strong></span> <span class='ocrx_word' id='word_1_71' title='bbox 2677 1193 2953 1281; x_wconf 82' lang='lat' dir='ltr'><strong>Dionysii</strong></span> 
     </span>
     <span class='ocr_line' id='line_1_10' title="bbox 475 1298 2952 1384; baseline 0 -20"><span class='ocrx_word' id='word_1_72' title='bbox 475 1299 836 1384; x_wconf 88' lang='lat' dir='ltr'><strong>Largentier</strong></span> <span class='ocrx_word' id='word_1_73' title='bbox 882 1299 1103 1366; x_wconf 86' lang='lat' dir='ltr'><strong>Clarae</strong></span> <span class='ocrx_word' id='word_1_74' title='bbox 1151 1300 1349 1366; x_wconf 87' lang='lat' dir='ltr'><strong>Vallis</strong></span> <span class='ocrx_word' id='word_1_75' title='bbox 1400 1300 1683 1379; x_wconf 83' lang='lat' dir='ltr'><strong>Abbatis,</strong></span> <span class='ocrx_word' id='word_1_76' title='bbox 1726 1300 1855 1368; x_wconf 91' lang='lat' dir='ltr'><strong>Deo</strong></span> <span class='ocrx_word' id='word_1_77' title='bbox 1900 1300 2276 1384; x_wconf 84' lang='lat' dir='ltr'><strong>adspirante,</strong></span> <span class='ocrx_word' id='word_1_78' title='bbox 2325 1300 2387 1364; x_wconf 93' lang='lat' dir='ltr'><strong>in</strong></span> <span class='ocrx_word' id='word_1_79' title='bbox 2422 1299 2658 1366; x_wconf 82' lang='lat' dir='ltr'><strong>Gallias</strong></span> <span class='ocrx_word' id='word_1_80' title='bbox 2689 1298 2952 1377; x_wconf 90' lang='lat' dir='ltr'><strong>invecta,</strong></span> 
     </span>
     <span class='ocr_line' id='line_1_11' title="bbox 472 1403 2953 1490; baseline -0.001 -19"><span class='ocrx_word' id='word_1_81' title='bbox 472 1404 771 1471; x_wconf 85' lang='lat' dir='ltr'><strong>cistercio</strong></span> <span class='ocrx_word' id='word_1_82' title='bbox 802 1423 1040 1489; x_wconf 92' lang='lat' dir='ltr'><strong>semper</strong></span> <span class='ocrx_word' id='word_1_83' title='bbox 1068 1404 1313 1471; x_wconf 92' lang='lat' dir='ltr'><strong>unitam</strong></span> <span class='ocrx_word' id='word_1_84' title='bbox 1348 1404 1701 1490; x_wconf 81' lang='lat' dir='ltr'><strong>Abbatiqne</strong></span> <span class='ocrx_word' id='word_1_85' title='bbox 1733 1403 2019 1472; x_wconf 84' lang='lat' dir='ltr'><strong>Generali</strong></span> <span class='ocrx_word' id='word_1_86' title='bbox 2055 1404 2299 1471; x_wconf 88' lang='lat' dir='ltr'><strong>fidelem</strong></span> <span class='ocrx_word' id='word_1_87' title='bbox 2330 1422 2463 1470; x_wconf 90' lang='lat' dir='ltr'><strong>sese</strong></span> <span class='ocrx_word' id='word_1_88' title='bbox 2489 1403 2953 1487; x_wconf 89' lang='lat' dir='ltr'><strong>subiectamque</strong></span> 
     </span>
     <span class='ocr_line' id='line_1_12' title="bbox 470 1507 2953 1592; baseline -0.001 -18"><span class='ocrx_word' id='word_1_89' title='bbox 470 1507 854 1575; x_wconf 88' lang='lat' dir='ltr'><strong>continenter</strong></span> <span class='ocrx_word' id='word_1_90' title='bbox 916 1508 1220 1592; x_wconf 89' lang='lat' dir='ltr'><strong>praebuit.</strong></span> <span class='ocrx_word' id='word_1_91' title='bbox 1341 1509 1547 1592; x_wconf 86' lang='lat' dir='ltr'><strong>Ipsam</strong></span> <span class='ocrx_word' id='word_1_92' title='bbox 1606 1510 1813 1575; x_wconf 86' lang='lat' dir='ltr'><strong>autem</strong></span> <span class='ocrx_word' id='word_1_93' title='bbox 1880 1509 1958 1574; x_wconf 88' lang='lat' dir='ltr'><strong>ab</strong></span> <span class='ocrx_word' id='word_1_94' title='bbox 2022 1507 2361 1574; x_wconf 81' lang='lat' dir='ltr'><strong>Alexandro</strong></span> <span class='ocrx_word' id='word_1_95' title='bbox 2421 1507 2559 1573; x_wconf 86' lang='lat' dir='ltr'><strong>VII.</strong></span> <span class='ocrx_word' id='word_1_96' title='bbox 2622 1508 2953 1574; x_wconf 87' lang='lat' dir='ltr'><strong>Decessore</strong></span> 
     </span>
     <span class='ocr_line' id='line_1_13' title="bbox 456 1611 2950 1696; baseline -0.001 -17"><span class='ocrx_word' id='word_1_97' title='bbox 456 1613 730 1691; x_wconf 80' lang='lat' dir='ltr'><strong>Nostro,</strong></span> <span class='ocrx_word' id='word_1_98' title='bbox 775 1612 939 1679; x_wconf 88' lang='lat' dir='ltr'><strong>datis</strong></span> <span class='ocrx_word' id='word_1_99' title='bbox 984 1612 1238 1680; x_wconf 85' lang='lat' dir='ltr'><strong>Litteris</strong></span> <span class='ocrx_word' id='word_1_100' title='bbox 1283 1613 1382 1679; x_wconf 91' lang='lat' dir='ltr'><strong>die</strong></span> <span class='ocrx_word' id='word_1_101' title='bbox 1432 1613 1532 1680; x_wconf 88' lang='grc'><strong>19.</strong></span> <span class='ocrx_word' id='word_1_102' title='bbox 1580 1612 1811 1696; x_wconf 83' lang='lat' dir='ltr'><strong>Aprilis</strong></span> <span class='ocrx_word' id='word_1_103' title='bbox 1859 1631 2018 1679; x_wconf 90' lang='lat' dir='ltr'><strong>anno</strong></span> <span class='ocrx_word' id='word_1_104' title='bbox 2072 1611 2274 1689; x_wconf 87' lang='lat'><strong>1666,</strong></span> <span class='ocrx_word' id='word_1_105' title='bbox 2320 1611 2439 1679; x_wconf 87' lang='lat' dir='ltr'><strong>rite</strong></span> <span class='ocrx_word' id='word_1_106' title='bbox 2485 1611 2778 1696; x_wconf 87' lang='lat' dir='ltr'><strong>probata,</strong></span> <span class='ocrx_word' id='word_1_107' title='bbox 2822 1613 2950 1677; x_wconf 91' lang='lat' dir='ltr'><strong>tam</strong></span> 
     </span>
     <span class='ocr_line' id='line_1_14' title="bbox 469 1715 2953 1801; baseline -0.001 -18"><span class='ocrx_word' id='word_1_108' title='bbox 469 1718 650 1783; x_wconf 89' lang='lat' dir='ltr'><strong>celeri</strong></span> <span class='ocrx_word' id='word_1_109' title='bbox 712 1717 1006 1801; x_wconf 91' lang='lat' dir='ltr'><strong>temporis</strong></span> <span class='ocrx_word' id='word_1_110' title='bbox 1062 1721 1124 1785; x_wconf 92' lang='lat' dir='ltr'><strong>et</strong></span> <span class='ocrx_word' id='word_1_111' title='bbox 1183 1720 1512 1785; x_wconf 86' lang='lat' dir='ltr'><strong>eventuum</strong></span> <span class='ocrx_word' id='word_1_112' title='bbox 1582 1718 1907 1785; x_wconf 81' lang='lat' dir='ltr'><strong>faustitate</strong></span> <span class='ocrx_word' id='word_1_113' title='bbox 1973 1717 2317 1795; x_wconf 89' lang='lat' dir='ltr'><strong>increbuit,</strong></span> <span class='ocrx_word' id='word_1_114' title='bbox 2386 1717 2458 1782; x_wconf 90' lang='lat' dir='ltr'><strong>ut</strong></span> <span class='ocrx_word' id='word_1_115' title='bbox 2516 1716 2794 1800; x_wconf 86' lang='lat' dir='ltr'><strong>perbrevi</strong></span> <span class='ocrx_word' id='word_1_116' title='bbox 2858 1715 2953 1781; x_wconf 88' lang='lat' dir='ltr'><strong>vel</strong></span> 
     </span>
     <span class='ocr_line' id='line_1_15' title="bbox 470 1820 2952 1907; baseline 0 -22"><span class='ocrx_word' id='word_1_117' title='bbox 470 1820 736 1905; x_wconf 90' lang='lat' dir='ltr'><strong>plurima</strong></span> <span class='ocrx_word' id='word_1_118' title='bbox 779 1822 1070 1888; x_wconf 89' lang='lat' dir='ltr'><strong>coenobia</strong></span> <span class='ocrx_word' id='word_1_119' title='bbox 1109 1824 1543 1902; x_wconf 85' lang='lat' dir='ltr'><strong>numeraverit,</strong></span> <span class='ocrx_word' id='word_1_120' title='bbox 1588 1841 1748 1907; x_wconf 90' lang='lat' dir='ltr'><strong>quae</strong></span> <span class='ocrx_word' id='word_1_121' title='bbox 1793 1823 1975 1902; x_wconf 91' lang='lat' dir='ltr'><strong>inter,</strong></span> <span class='ocrx_word' id='word_1_122' title='bbox 2044 1822 2436 1906; x_wconf 88' lang='lat' dir='ltr'><strong>conspicuum</strong></span> <span class='ocrx_word' id='word_1_123' title='bbox 2499 1820 2709 1905; x_wconf 86' lang='lat' dir='ltr'><strong>procul</strong></span> <span class='ocrx_word' id='word_1_124' title='bbox 2769 1820 2952 1886; x_wconf 90' lang='lat' dir='ltr'><strong>dubio</strong></span> 
     </span>
     <span class='ocr_line' id='line_1_16' title="bbox 469 1924 2952 2011; baseline 0 -22"><span class='ocrx_word' id='word_1_125' title='bbox 469 1924 674 1990; x_wconf 89' lang='lat' dir='ltr'><strong>locum</strong></span> <span class='ocrx_word' id='word_1_126' title='bbox 733 1943 992 2010; x_wconf 90' lang='lat' dir='ltr'><strong>eumque</strong></span> <span class='ocrx_word' id='word_1_127' title='bbox 1048 1928 1446 2011; x_wconf 78' lang='lat' dir='ltr'><strong>praecipuum</strong></span> <span class='ocrx_word' id='word_1_128' title='bbox 1488 1927 1760 1994; x_wconf 88' lang='lat' dir='ltr'><strong>obtinuit</strong></span> <span class='ocrx_word' id='word_1_129' title='bbox 1804 1926 2173 2011; x_wconf 85' lang='lat' dir='ltr'><strong>Trappensis</strong></span> <span class='ocrx_word' id='word_1_130' title='bbox 2221 1926 2528 2003; x_wconf 87' lang='lat' dir='ltr'><strong>Abbatia,</strong></span> <span class='ocrx_word' id='word_1_131' title='bbox 2592 1925 2692 1991; x_wconf 87' lang='lat' dir='ltr'><strong>cui</strong></span> <span class='ocrx_word' id='word_1_132' title='bbox 2751 1924 2952 2008; x_wconf 90' lang='lat' dir='ltr'><strong>provi-</strong></span> 
     </span>
     <span class='ocr_line' id='line_1_17' title="bbox 471 2028 2952 2115; baseline -0 -22"><span class='ocrx_word' id='word_1_133' title='bbox 471 2028 819 2095; x_wconf 88' lang='lat' dir='ltr'><strong>dentissimi</strong></span> <span class='ocrx_word' id='word_1_134' title='bbox 870 2029 1158 2095; x_wconf 82' lang='lat' dir='ltr'><strong>Numinis</strong></span> <span class='ocrx_word' id='word_1_135' title='bbox 1204 2030 1530 2096; x_wconf 77' lang='lat' dir='ltr'><strong>eonsilium</strong></span> <span class='ocrx_word' id='word_1_136' title='bbox 1576 2030 1760 2115; x_wconf 86' lang='lat' dir='ltr'><strong>longe</strong></span> <span class='ocrx_word' id='word_1_137' title='bbox 1805 2031 2257 2115; x_wconf 88' lang='lat' dir='ltr'><strong>praestantiora</strong></span> <span class='ocrx_word' id='word_1_138' title='bbox 2301 2029 2729 2096; x_wconf 87' lang='lat' dir='ltr'><strong>constituerat.</strong></span> <span class='ocrx_word' id='word_1_139' title='bbox 2806 2028 2952 2093; x_wconf 75' lang='lat' dir='ltr'><strong>Eius</strong></span> 
     </span>
     <span class='ocr_line' id='line_1_18' title="bbox 471 2132 2953 2214; baseline -0.001 -15"><span class='ocrx_word' id='word_1_140' title='bbox 471 2134 630 2199; x_wconf 91' lang='lat' dir='ltr'><strong>enim</strong></span> <span class='ocrx_word' id='word_1_141' title='bbox 676 2132 1002 2200; x_wconf 88' lang='lat' dir='ltr'><strong>Sodalibus</strong></span> <span class='ocrx_word' id='word_1_142' title='bbox 1048 2133 1109 2200; x_wconf 91' lang='lat' dir='ltr'><strong>id</strong></span> <span class='ocrx_word' id='word_1_143' title='bbox 1153 2153 1270 2200; x_wconf 91' lang='lat' dir='ltr'><strong>usu</strong></span> <span class='ocrx_word' id='word_1_144' title='bbox 1325 2135 1527 2214; x_wconf 81' lang='lat' dir='ltr'><strong>venit,</strong></span> <span class='ocrx_word' id='word_1_145' title='bbox 1582 2137 1690 2213; x_wconf 90' lang='lat' dir='ltr'><strong>ut,</strong></span> <span class='ocrx_word' id='word_1_146' title='bbox 1745 2137 2055 2201; x_wconf 90' lang='lat' dir='ltr'><strong>commota</strong></span> <span class='ocrx_word' id='word_1_147' title='bbox 2110 2134 2389 2201; x_wconf 80' lang='lat' dir='ltr'><strong>Gallicae</strong></span> <span class='ocrx_word' id='word_1_148' title='bbox 2449 2133 2770 2200; x_wconf 88' lang='lat' dir='ltr'><strong>seditionis</strong></span> <span class='ocrx_word' id='word_1_149' title='bbox 2817 2132 2877 2199; x_wconf 89' lang='lat' dir='ltr'><strong>vi</strong></span> <span class='ocrx_word' id='word_1_150' title='bbox 2919 2151 2953 2197; x_wconf 88' lang='lat' dir='ltr'><strong>e</strong></span> 
     </span>
     <span class='ocr_line' id='line_1_19' title="bbox 468 2237 2951 2325; baseline 0 -22"><span class='ocrx_word' id='word_1_151' title='bbox 468 2237 672 2321; x_wconf 91' lang='lat' dir='ltr'><strong>patria</strong></span> <span class='ocrx_word' id='word_1_152' title='bbox 718 2239 777 2302; x_wconf 90' lang='lat' dir='ltr'><strong>in</strong></span> <span class='ocrx_word' id='word_1_153' title='bbox 826 2238 1298 2323; x_wconf 74' lang='lat' dir='ltr'><strong>exilium²pulsi,</strong></span> <span class='ocrx_word' id='word_1_154' title='bbox 1347 2239 1708 2325; x_wconf 90' lang='lat' dir='ltr'><strong>disciplinae</strong></span> <span class='ocrx_word' id='word_1_155' title='bbox 1752 2258 1899 2306; x_wconf 88' lang='lat' dir='ltr'><strong>suae</strong></span> <span class='ocrx_word' id='word_1_156' title='bbox 1939 2240 2168 2306; x_wconf 85' lang='lat' dir='ltr'><strong>famam</strong></span> <span class='ocrx_word' id='word_1_157' title='bbox 2212 2240 2382 2306; x_wconf 90' lang='lat' dir='ltr'><strong>ultra</strong></span> <span class='ocrx_word' id='word_1_158' title='bbox 2412 2239 2690 2323; x_wconf 84' lang='lat' dir='ltr'><strong>Europae</strong></span> <span class='ocrx_word' id='word_1_159' title='bbox 2720 2238 2951 2304; x_wconf 89' lang='lat' dir='ltr'><strong>limites</strong></span> 
     </span>
     <span class='ocr_line' id='line_1_20' title="bbox 469 2342 2949 2431; baseline 0.001 -25"><span class='ocrx_word' id='word_1_160' title='bbox 469 2342 878 2423; x_wconf 87' lang='lat' dir='ltr'><strong>circumferre,</strong></span> <span class='ocrx_word' id='word_1_161' title='bbox 927 2345 1371 2430; x_wconf 86' lang='lat' dir='ltr'><strong>permultisque</strong></span> <span class='ocrx_word' id='word_1_162' title='bbox 1432 2347 1657 2412; x_wconf 87' lang='lat' dir='ltr'><strong>sensim</strong></span> <span class='ocrx_word' id='word_1_163' title='bbox 1718 2345 2027 2414; x_wconf 88' lang='lat' dir='ltr'><strong>coenobiis</strong></span> <span class='ocrx_word' id='word_1_164' title='bbox 2081 2346 2143 2411; x_wconf 92' lang='lat' dir='ltr'><strong>in</strong></span> <span class='ocrx_word' id='word_1_165' title='bbox 2212 2345 2737 2431; x_wconf 79' lang='lat' dir='ltr'><strong>congregationes</strong></span> <span class='ocrx_word' id='word_1_166' title='bbox 2783 2345 2949 2428; x_wconf 90' lang='lat' dir='ltr'><strong>post·</strong></span> 
     </span>
     <span class='ocr_line' id='line_1_21' title="bbox 470 2446 2948 2538; baseline 0.002 -26"><span class='ocrx_word' id='word_1_167' title='bbox 470 2446 717 2513; x_wconf 89' lang='lat' dir='ltr'><strong>modum</strong></span> <span class='ocrx_word' id='word_1_168' title='bbox 763 2448 1279 2533; x_wconf 84' lang='lat' dir='ltr'><strong>coalescentibus,</strong></span> <span class='ocrx_word' id='word_1_169' title='bbox 1348 2452 1686 2537; x_wconf 88' lang='lat' dir='ltr'><strong>opportune</strong></span> <span class='ocrx_word' id='word_1_170' title='bbox 1732 2454 1795 2518; x_wconf 90' lang='lat' dir='ltr'><strong>et</strong></span> <span class='ocrx_word' id='word_1_171' title='bbox 1840 2449 2136 2538; x_wconf 84' lang='lat' dir='ltr'><strong>frugifere</strong></span> <span class='ocrx_word' id='word_1_172' title='bbox 2182 2451 2437 2530; x_wconf 76' lang='lat' dir='ltr'><strong>erectiS,</strong></span> <span class='ocrx_word' id='word_1_173' title='bbox 2501 2449 2784 2518; x_wconf 85' lang='lat' dir='ltr'><strong>maximis</strong></span> <span class='ocrx_word' id='word_1_174' title='bbox 2832 2449 2948 2516; x_wconf 73' lang='lat' dir='ltr'><strong>Ec·</strong></span> 
     </span>
     <span class='ocr_line' id='line_1_22' title="bbox 469 2551 2953 2641; baseline 0.001 -24"><span class='ocrx_word' id='word_1_175' title='bbox 469 2551 693 2618; x_wconf 89' lang='lat' dir='ltr'><strong>clesiae</strong></span> <span class='ocrx_word' id='word_1_176' title='bbox 737 2554 800 2619; x_wconf 90' lang='lat' dir='ltr'><strong>et</strong></span> <span class='ocrx_word' id='word_1_177' title='bbox 842 2553 1157 2621; x_wconf 86' lang='lat' dir='ltr'><strong>hominum</strong></span> <span class='ocrx_word' id='word_1_178' title='bbox 1203 2555 1518 2622; x_wconf 88' lang='lat' dir='ltr'><strong>societatis</strong></span> <span class='ocrx_word' id='word_1_179' title='bbox 1562 2557 1942 2641; x_wconf 88' lang='lat' dir='ltr'><strong>temporibus</strong></span> <span class='ocrx_word' id='word_1_180' title='bbox 1963 2609 1978 2637; x_wconf 91' lang='lat'><strong>,</strong></span> <span class='ocrx_word' id='word_1_181' title='bbox 2039 2556 2286 2641; x_wconf 89' lang='lat' dir='ltr'><strong>utrique</strong></span> <span class='ocrx_word' id='word_1_182' title='bbox 2346 2557 2595 2641; x_wconf 87' lang='lat' dir='ltr'><strong>egregio</strong></span> <span class='ocrx_word' id='word_1_183' title='bbox 2647 2554 2953 2641; x_wconf 86' lang='lat' dir='ltr'><strong>praesidio</strong></span> 
     </span>
     <span class='ocr_line' id='line_1_23' title="bbox 470 2657 2953 2746; baseline 0.001 -24"><span class='ocrx_word' id='word_1_184' title='bbox 470 2657 534 2723; x_wconf 89' lang='lat' dir='ltr'><strong>et</strong></span> <span class='ocrx_word' id='word_1_185' title='bbox 577 2660 936 2725; x_wconf 90' lang='lat' dir='ltr'><strong>ornamento</strong></span> <span class='ocrx_word' id='word_1_186' title='bbox 982 2678 1116 2726; x_wconf 89' lang='lat' dir='ltr'><strong>esse</strong></span> <span class='ocrx_word' id='word_1_187' title='bbox 1162 2660 1489 2728; x_wconf 89' lang='lat' dir='ltr'><strong>valuerint.</strong></span> <span class='ocrx_word' id='word_1_188' title='bbox 1579 2661 1753 2743; x_wconf 81' lang='lat' dir='ltr'><strong>Quae</strong></span> <span class='ocrx_word' id='word_1_189' title='bbox 1801 2662 2047 2746; x_wconf 88' lang='lat' dir='ltr'><strong>quidem</strong></span> <span class='ocrx_word' id='word_1_190' title='bbox 2096 2661 2407 2741; x_wconf 91' lang='lat' dir='ltr'><strong>coenobia,</strong></span> <span class='ocrx_word' id='word_1_191' title='bbox 2454 2661 2518 2727; x_wconf 92' lang='lat' dir='ltr'><strong>in</strong></span> <span class='ocrx_word' id='word_1_192' title='bbox 2561 2659 2787 2728; x_wconf 84' lang='lat' dir='ltr'><strong>Galliis</strong></span> <span class='ocrx_word' id='word_1_193' title='bbox 2827 2659 2953 2744; x_wconf 90' lang='lat' dir='ltr'><strong>pri-</strong></span> 
     </span>
     <span class='ocr_line' id='line_1_24' title="bbox 467 2763 2949 2851; baseline 0.001 -24"><span class='ocrx_word' id='word_1_194' title='bbox 467 2780 674 2842; x_wconf 91' lang='lat' dir='ltr'><strong>mum,</strong></span> <span class='ocrx_word' id='word_1_195' title='bbox 738 2763 1072 2849; x_wconf 86' lang='lat' dir='ltr'><strong>Gregorius</strong></span> <span class='ocrx_word' id='word_1_196' title='bbox 1130 2764 1297 2832; x_wconf 86' lang='lat' dir='ltr'>XVI.</span> <span class='ocrx_word' id='word_1_197' title='bbox 1363 2766 1659 2832; x_wconf 89' lang='lat' dir='ltr'><strong>Decessor</strong></span> <span class='ocrx_word' id='word_1_198' title='bbox 1722 2765 1948 2832; x_wconf 84' lang='lat' dir='ltr'><strong>Noster</strong></span> <span class='ocrx_word' id='word_1_199' title='bbox 2005 2764 2069 2832; x_wconf 91' lang='lat' dir='ltr'><strong>in</strong></span> <span class='ocrx_word' id='word_1_200' title='bbox 2123 2783 2312 2831; x_wconf 89' lang='lat' dir='ltr'><strong>unam</strong></span> <span class='ocrx_word' id='word_1_201' title='bbox 2369 2764 2949 2851; x_wconf 77' lang='lat' dir='ltr'><strong>congregationem,</strong></span> 
     </span>
     <span class='ocr_line' id='line_1_25' title="bbox 468 2867 2947 2954; baseline 0.001 -23"><span class='ocrx_word' id='word_1_202' title='bbox 468 2867 708 2950; x_wconf 91' lang='lat' dir='ltr'><strong>proprio</strong></span> <span class='ocrx_word' id='word_1_203' title='bbox 752 2867 995 2935; x_wconf 89' lang='lat' dir='ltr'><strong>Vicario</strong></span> <span class='ocrx_word' id='word_1_204' title='bbox 1040 2868 1329 2936; x_wconf 85' lang='lat' dir='ltr'><strong>Generali</strong></span> <span class='ocrx_word' id='word_1_205' title='bbox 1375 2870 1719 2953; x_wconf 86' lang='lat' dir='ltr'><strong>praeditam</strong></span> <span class='ocrx_word' id='word_1_206' title='bbox 1742 2919 1758 2948; x_wconf 93' lang='lat'><strong>,</strong></span> <span class='ocrx_word' id='word_1_207' title='bbox 1822 2870 1933 2935; x_wconf 90' lang='lat' dir='ltr'><strong>sub</strong></span> <span class='ocrx_word' id='word_1_208' title='bbox 1982 2868 2259 2954; x_wconf 89' lang='lat' dir='ltr'><strong>praeside</strong></span> <span class='ocrx_word' id='word_1_209' title='bbox 2295 2873 2510 2936; x_wconf 89' lang='lat' dir='ltr'><strong>tamen</strong></span> <span class='ocrx_word' id='word_1_210' title='bbox 2558 2869 2947 2936; x_wconf 84' lang='lat' dir='ltr'><strong>Moderatore</strong></span> 
     </span>
     <span class='ocr_line' id='line_1_26' title="bbox 467 2969 2950 3061; baseline 0.001 -24"><span class='ocrx_word' id='word_1_211' title='bbox 467 2969 756 3037; x_wconf 82' lang='lat' dir='ltr'><strong>Generali</strong></span> <span class='ocrx_word' id='word_1_212' title='bbox 803 2972 1054 3038; x_wconf 82' lang='lat' dir='ltr'><strong>Ordinis</strong></span> <span class='ocrx_word' id='word_1_213' title='bbox 1096 2971 1553 3056; x_wconf 87' lang='lat' dir='ltr'><strong>cisterciensis,</strong></span> <span class='ocrx_word' id='word_1_214' title='bbox 1598 2976 1834 3061; x_wconf 72' lang='lat' dir='ltr'><strong>coegit3</strong></span> <span class='ocrx_word' id='word_1_215' title='bbox 1895 2974 2045 3041; x_wconf 87' lang='lat' dir='ltr'><strong>Pius</strong></span> <span class='ocrx_word' id='word_1_216' title='bbox 2104 2993 2244 3041; x_wconf 91' lang='lat' dir='ltr'><strong>vero</strong></span> <span class='ocrx_word' id='word_1_217' title='bbox 2301 2974 2449 3053; x_wconf 85' lang='lat' dir='ltr'><strong>IX.,</strong></span> <span class='ocrx_word' id='word_1_218' title='bbox 2515 2973 2740 3041; x_wconf 89' lang='lat' dir='ltr'><strong>Noster</strong></span> <span class='ocrx_word' id='word_1_219' title='bbox 2798 2974 2950 3040; x_wconf 91' lang='lat' dir='ltr'><strong>item</strong></span> 
     </span>
     <span class='ocr_line' id='line_1_27' title="bbox 469 3074 2951 3164; baseline 0.001 -23"><span class='ocrx_word' id='word_1_220' title='bbox 469 3074 782 3154; x_wconf 89' lang='lat' dir='ltr'><strong>Decessor,</strong></span> <span class='ocrx_word' id='word_1_221' title='bbox 848 3076 910 3140; x_wconf 94' lang='lat' dir='ltr'><strong>in</strong></span> <span class='ocrx_word' id='word_1_222' title='bbox 950 3075 1104 3141; x_wconf 88' lang='lat' dir='ltr'><strong>duas</strong></span> <span class='ocrx_word' id='word_1_223' title='bbox 1150 3077 1708 3164; x_wconf 85' lang='lat' dir='ltr'><strong>congregationes,</strong></span> <span class='ocrx_word' id='word_1_224' title='bbox 1765 3098 1905 3145; x_wconf 89' lang='lat' dir='ltr'><strong>cum</strong></span> <span class='ocrx_word' id='word_1_225' title='bbox 1951 3097 2061 3145; x_wconf 90' lang='lat' dir='ltr'><strong>suo</strong></span> <span class='ocrx_word' id='word_1_226' title='bbox 2107 3081 2401 3163; x_wconf 90' lang='lat' dir='ltr'><strong>utrasque</strong></span> <span class='ocrx_word' id='word_1_227' title='bbox 2447 3078 2731 3151; x_wconf 77' lang='lat' dir='ltr'><strong>Vicario,</strong></span> <span class='ocrx_word' id='word_1_228' title='bbox 2793 3076 2951 3146; x_wconf 87' lang='lat' dir='ltr'><strong>divi·</strong></span> 
     </span>
     <span class='ocr_line' id='line_1_28' title="bbox 467 3179 2945 3268; baseline 0.002 -24"><span class='ocrx_word' id='word_1_229' title='bbox 467 3179 665 3246; x_wconf 87' lang='lat' dir='ltr'><strong>denda</strong></span> <span class='ocrx_word' id='word_1_230' title='bbox 725 3180 982 3247; x_wconf 88' lang='lat' dir='ltr'><strong>censuit.</strong></span> <span class='ocrx_word' id='word_1_231' title='bbox 1084 3179 1211 3246; x_wconf 85' lang='lat' dir='ltr'><strong>Nos</strong></span> <span class='ocrx_word' id='word_1_232' title='bbox 1262 3184 1473 3248; x_wconf 88' lang='lat' dir='ltr'><strong>autem</strong></span> <span class='ocrx_word' id='word_1_233' title='bbox 1533 3184 1694 3248; x_wconf 90' lang='lat' dir='ltr'><strong>tueri</strong></span> <span class='ocrx_word' id='word_1_234' title='bbox 1748 3183 2064 3267; x_wconf 90' lang='lat' dir='ltr'><strong>cupientes</strong></span> <span class='ocrx_word' id='word_1_235' title='bbox 2126 3184 2475 3267; x_wconf 88' lang='lat' dir='ltr'><strong>regularem</strong></span> <span class='ocrx_word' id='word_1_236' title='bbox 2533 3182 2945 3268; x_wconf 85' lang='lat' dir='ltr'><strong>disciplinam,</strong></span> 
     </span>
     <span class='ocr_line' id='line_1_29' title="bbox 467 3283 2947 3370; baseline 0.001 -21"><span class='ocrx_word' id='word_1_237' title='bbox 467 3287 531 3351; x_wconf 90' lang='lat' dir='ltr'><strong>et</strong></span> <span class='ocrx_word' id='word_1_238' title='bbox 553 3333 568 3362; x_wconf 95' lang='lat'><strong>,</strong></span> <span class='ocrx_word' id='word_1_239' title='bbox 625 3302 784 3368; x_wconf 91' lang='lat' dir='ltr'><strong>quae</strong></span> <span class='ocrx_word' id='word_1_240' title='bbox 843 3283 1112 3350; x_wconf 90' lang='lat' dir='ltr'><strong>Nostrae</strong></span> <span class='ocrx_word' id='word_1_241' title='bbox 1156 3287 1304 3350; x_wconf 87' lang='lat' dir='ltr'><strong>sunt</strong></span> <span class='ocrx_word' id='word_1_242' title='bbox 1347 3288 1586 3370; x_wconf 87' lang='lat' dir='ltr'><strong>partes,</strong></span> <span class='ocrx_word' id='word_1_243' title='bbox 1647 3287 1815 3354; x_wconf 86' lang='lat' dir='ltr'><strong>omni</strong></span> <span class='ocrx_word' id='word_1_244' title='bbox 1866 3305 2015 3353; x_wconf 88' lang='lat' dir='ltr'><strong>cura</strong></span> <span class='ocrx_word' id='word_1_245' title='bbox 2057 3290 2120 3353; x_wconf 91' lang='lat' dir='ltr'><strong>et</strong></span> <span class='ocrx_word' id='word_1_246' title='bbox 2159 3287 2344 3354; x_wconf 82' lang='lat' dir='ltr'><strong>officii</strong></span> <span class='ocrx_word' id='word_1_247' title='bbox 2385 3288 2805 3355; x_wconf 90' lang='lat' dir='ltr'><strong>sollicitudine</strong></span> <span class='ocrx_word' id='word_1_248' title='bbox 2848 3287 2947 3353; x_wconf 89' lang='lat' dir='ltr'><strong>in-</strong></span> 
     </span>
     <span class='ocr_line' id='line_1_30' title="bbox 466 3388 2945 3476; baseline 0.002 -26"><span class='ocrx_word' id='word_1_249' title='bbox 466 3390 846 3453; x_wconf 84' lang='lat' dir='ltr'><strong>crementum</strong></span> <span class='ocrx_word' id='word_1_250' title='bbox 891 3390 954 3453; x_wconf 89' lang='lat' dir='ltr'><strong>et</strong></span> <span class='ocrx_word' id='word_1_251' title='bbox 985 3388 1455 3473; x_wconf 85' lang='lat' dir='ltr'><strong>prosperitatem</strong></span> <span class='ocrx_word' id='word_1_252' title='bbox 1502 3391 1879 3458; x_wconf 87' lang='lat' dir='ltr'><strong>diversarum</strong></span> <span class='ocrx_word' id='word_1_253' title='bbox 1916 3392 2469 3476; x_wconf 89' lang='lat' dir='ltr'><strong>congregationem</strong></span> <span class='ocrx_word' id='word_1_254' title='bbox 2503 3390 2945 3476; x_wconf 85' lang='lat' dir='ltr'><strong>Trappensium</strong></span> 
     </span>
     <span class='ocr_line' id='line_1_31' title="bbox 465 3489 2947 3581; baseline 0.001 -24"><span class='ocrx_word' id='word_1_255' title='bbox 465 3489 715 3557; x_wconf 89' lang='lat' dir='ltr'><strong>Ordinis</strong></span> <span class='ocrx_word' id='word_1_256' title='bbox 755 3490 1181 3558; x_wconf 82' lang='lat' dir='ltr'><strong>cisterciensis</strong></span> <span class='ocrx_word' id='word_1_257' title='bbox 1229 3494 1581 3577; x_wconf 87' lang='lat' dir='ltr'><strong>provehere,</strong></span> <span class='ocrx_word' id='word_1_258' title='bbox 1625 3496 1753 3562; x_wconf 92' lang='lat' dir='ltr'><strong>iam</strong></span> <span class='ocrx_word' id='word_1_259' title='bbox 1799 3496 1942 3562; x_wconf 86' lang='lat' dir='ltr'><strong>inde</strong></span> <span class='ocrx_word' id='word_1_260' title='bbox 1975 3496 2054 3562; x_wconf 93' lang='lat' dir='ltr'><strong>ab</strong></span> <span class='ocrx_word' id='word_1_261' title='bbox 2084 3514 2241 3563; x_wconf 91' lang='lat' dir='ltr'><strong>anno</strong></span> <span class='ocrx_word' id='word_1_262' title='bbox 2282 3494 2529 3562; x_wconf 90' lang='lat' dir='ltr'><strong>Domini</strong></span> <span class='ocrx_word' id='word_1_263' title='bbox 2565 3497 2754 3574; x_wconf 83' lang='lat'><strong>1892,</strong></span> <span class='ocrx_word' id='word_1_264' title='bbox 2786 3494 2947 3581; x_wconf 89' lang='lat' dir='ltr'><strong>quod</strong></span> 
     </span>
     <span class='ocr_line' id='line_1_32' title="bbox 467 3595 2951 3684; baseline 0.002 -24"><span class='ocrx_word' id='word_1_265' title='bbox 467 3613 838 3680; x_wconf 88' lang='lat' dir='ltr'><strong>magnopere</strong></span> <span class='ocrx_word' id='word_1_266' title='bbox 880 3595 959 3662; x_wconf 92' lang='lat' dir='ltr'><strong>ad</strong></span> <span class='ocrx_word' id='word_1_267' title='bbox 1002 3614 1128 3662; x_wconf 90' lang='lat' dir='ltr'><strong>rem</strong></span> <span class='ocrx_word' id='word_1_268' title='bbox 1177 3596 1563 3678; x_wconf 88' lang='lat' dir='ltr'><strong>conduceret,</strong></span> <span class='ocrx_word' id='word_1_269' title='bbox 1610 3600 1985 3684; x_wconf 88' lang='lat' dir='ltr'><strong>perlibenter</strong></span> <span class='ocrx_word' id='word_1_270' title='bbox 2023 3600 2474 3680; x_wconf 89' lang='lat' dir='ltr'><strong>mandavimus,</strong></span> <span class='ocrx_word' id='word_1_271' title='bbox 2535 3603 2605 3666; x_wconf 90' lang='lat' dir='ltr'><strong>ut</strong></span> <span class='ocrx_word' id='word_1_272' title='bbox 2653 3599 2951 3667; x_wconf 84' lang='lat' dir='ltr'><strong>Generale</strong></span> 
     </span>
     <span class='ocr_line' id='line_1_33' title="bbox 465 3699 2950 3789; baseline 0.002 -24"><span class='ocrx_word' id='word_1_273' title='bbox 465 3700 818 3767; x_wconf 89' lang='lat' dir='ltr'><strong>earumdem</strong></span> <span class='ocrx_word' id='word_1_274' title='bbox 896 3699 1459 3787; x_wconf 88' lang='lat' dir='ltr'><strong>congregationum</strong></span> <span class='ocrx_word' id='word_1_275' title='bbox 1527 3703 1886 3789; x_wconf 88' lang='lat' dir='ltr'><strong>capitulum</strong></span> <span class='ocrx_word' id='word_1_276' title='bbox 1962 3705 2023 3770; x_wconf 91' lang='lat' dir='ltr'><strong>in</strong></span> <span class='ocrx_word' id='word_1_277' title='bbox 2093 3705 2211 3772; x_wconf 90' lang='lat' dir='ltr'><strong>hac</strong></span> <span class='ocrx_word' id='word_1_278' title='bbox 2275 3705 2444 3773; x_wconf 86' lang='lat' dir='ltr'><strong>alma</strong></span> <span class='ocrx_word' id='word_1_279' title='bbox 2515 3706 2676 3772; x_wconf 89' lang='lat' dir='ltr'><strong>Urbe</strong></span> <span class='ocrx_word' id='word_1_280' title='bbox 2741 3704 2820 3771; x_wconf 89' lang='lat' dir='ltr'><strong>ad</strong></span> <span class='ocrx_word' id='word_1_281' title='bbox 2886 3703 2950 3769; x_wconf 93' lang='lat' dir='ltr'><strong>id</strong></span> 
     </span>
     <span class='ocr_line' id='line_1_34' title="bbox 466 3804 2950 3894; baseline 0.002 -25"><span class='ocrx_word' id='word_1_282' title='bbox 466 3804 914 3885; x_wconf 82' lang='lat' dir='ltr'><strong>celebraretur,</strong></span> <span class='ocrx_word' id='word_1_283' title='bbox 977 3806 1138 3891; x_wconf 93' lang='lat' dir='ltr'><strong>quod</strong></span> <span class='ocrx_word' id='word_1_284' title='bbox 1178 3805 1341 3874; x_wconf 88' lang='lat' dir='ltr'><strong>inter</strong></span> <span class='ocrx_word' id='word_1_285' title='bbox 1389 3807 1550 3888; x_wconf 91' lang='lat' dir='ltr'><strong>alia,</strong></span> <span class='ocrx_word' id='word_1_286' title='bbox 1611 3809 1688 3875; x_wconf 90' lang='lat' dir='ltr'><strong>de</strong></span> <span class='ocrx_word' id='word_1_287' title='bbox 1727 3809 1999 3893; x_wconf 88' lang='lat' dir='ltr'><strong>ipsarum</strong></span> <span class='ocrx_word' id='word_1_288' title='bbox 2048 3809 2477 3876; x_wconf 87' lang='lat' dir='ltr'><strong>coniunctione</strong></span> <span class='ocrx_word' id='word_1_289' title='bbox 2520 3810 2585 3876; x_wconf 91' lang='lat' dir='ltr'><strong>et</strong></span> <span class='ocrx_word' id='word_1_290' title='bbox 2629 3808 2950 3894; x_wconf 88' lang='lat' dir='ltr'><strong>regimine,</strong></span> 
     </span>
     <span class='ocr_line' id='line_1_35' title="bbox 464 3910 2953 3999; baseline 0.003 -26"><span class='ocrx_word' id='word_1_291' title='bbox 464 3911 827 3992; x_wconf 88' lang='lat' dir='ltr'><strong>praesertim</strong></span> <span class='ocrx_word' id='word_1_292' title='bbox 869 3928 941 3976; x_wconf 85' lang='lat' dir='ltr'><strong>ac</strong></span> <span class='ocrx_word' id='word_1_293' title='bbox 989 3910 1331 3995; x_wconf 87' lang='lat' dir='ltr'><strong>praecipue,</strong></span> <span class='ocrx_word' id='word_1_294' title='bbox 1378 3932 1559 3999; x_wconf 89' lang='lat' dir='ltr'><strong>agere</strong></span> <span class='ocrx_word' id='word_1_295' title='bbox 1604 3916 1830 3998; x_wconf 88' lang='lat' dir='ltr'><strong>posset.</strong></span> <span class='ocrx_word' id='word_1_296' title='bbox 1924 3915 2078 3980; x_wconf 88' lang='lat' dir='ltr'><strong>cnm</strong></span> <span class='ocrx_word' id='word_1_297' title='bbox 2142 3916 2355 3981; x_wconf 89' lang='lat' dir='ltr'><strong>autem</strong></span> <span class='ocrx_word' id='word_1_298' title='bbox 2395 3917 2537 3981; x_wconf 90' lang='lat' dir='ltr'><strong>vota</strong></span> <span class='ocrx_word' id='word_1_299' title='bbox 2577 3915 2810 3981; x_wconf 81' lang='lat' dir='ltr'><strong>Nostra</strong></span> <span class='ocrx_word' id='word_1_300' title='bbox 2853 3917 2953 3981; x_wconf 90' lang='lat' dir='ltr'><strong>sat</strong></span> 
     </span>
     <span class='ocr_line' id='line_1_36' title="bbox 464 4011 2953 4103; baseline 0.003 -26"><span class='ocrx_word' id='word_1_301' title='bbox 464 4011 815 4097; x_wconf 88' lang='lat' dir='ltr'><strong>impleverit</strong></span> <span class='ocrx_word' id='word_1_302' title='bbox 858 4014 1085 4095; x_wconf 84' lang='lat' dir='ltr'><strong>exitus,</strong></span> <span class='ocrx_word' id='word_1_303' title='bbox 1149 4017 1212 4081; x_wconf 90' lang='lat' dir='ltr'><strong>et</strong></span> <span class='ocrx_word' id='word_1_304' title='bbox 1272 4016 1724 4101; x_wconf 86' lang='lat' dir='ltr'><strong>capitularium</strong></span> <span class='ocrx_word' id='word_1_305' title='bbox 1779 4019 1883 4103; x_wconf 88' lang='lat' dir='ltr'><strong>qui</strong></span> <span class='ocrx_word' id='word_1_306' title='bbox 1926 4020 2184 4087; x_wconf 88' lang='lat' dir='ltr'><strong>Romam</strong></span> <span class='ocrx_word' id='word_1_307' title='bbox 2234 4019 2400 4087; x_wconf 93' lang='lat' dir='ltr'><strong>dicto</strong></span> <span class='ocrx_word' id='word_1_308' title='bbox 2439 4019 2763 4086; x_wconf 88' lang='lat' dir='ltr'><strong>audientes</strong></span> <span class='ocrx_word' id='word_1_309' title='bbox 2809 4039 2953 4087; x_wconf 89' lang='lat' dir='ltr'><strong>con-</strong></span> 
     </span>
     <span class='ocr_line' id='line_1_37' title="bbox 466 4119 2950 4207; baseline 0.004 -26"><span class='ocrx_word' id='word_1_310' title='bbox 466 4119 788 4197; x_wconf 83' lang='lat' dir='ltr'><strong>venerant,</strong></span> <span class='ocrx_word' id='word_1_311' title='bbox 832 4119 1090 4186; x_wconf 90' lang='lat' dir='ltr'><strong>consilia</strong></span> <span class='ocrx_word' id='word_1_312' title='bbox 1135 4123 1199 4186; x_wconf 90' lang='lat' dir='ltr'><strong>et</strong></span> <span class='ocrx_word' id='word_1_313' title='bbox 1239 4121 1553 4205; x_wconf 87' lang='lat' dir='ltr'><strong>exempla,</strong></span> <span class='ocrx_word' id='word_1_314' title='bbox 1599 4123 1695 4187; x_wconf 90' lang='lat' dir='ltr'><strong>uti</strong></span> <span class='ocrx_word' id='word_1_315' title='bbox 1736 4141 1845 4207; x_wconf 90' lang='lat' dir='ltr'><strong>par</strong></span> <span class='ocrx_word' id='word_1_316' title='bbox 1889 4125 2054 4203; x_wconf 89' lang='lat' dir='ltr'><strong>erat,</strong></span> <span class='ocrx_word' id='word_1_317' title='bbox 2102 4122 2179 4188; x_wconf 92' lang='lat' dir='ltr'><strong>ad</strong></span> <span class='ocrx_word' id='word_1_318' title='bbox 2222 4142 2390 4207; x_wconf 91' lang='lat' dir='ltr'><strong>spem</strong></span> <span class='ocrx_word' id='word_1_319' title='bbox 2435 4123 2766 4205; x_wconf 85' lang='lat' dir='ltr'><strong>cesserint,</strong></span> <span class='ocrx_word' id='word_1_320' title='bbox 2811 4142 2950 4190; x_wconf 91' lang='lat' dir='ltr'><strong>om-</strong></span> 
     </span>
     <span class='ocr_line' id='line_1_38' title="bbox 463 4220 2950 4311; baseline 0.004 -26"><span class='ocrx_word' id='word_1_321' title='bbox 463 4220 758 4306; x_wconf 88' lang='lat' dir='ltr'><strong>niumque</strong></span> <span class='ocrx_word' id='word_1_322' title='bbox 802 4241 1097 4290; x_wconf 89' lang='lat' dir='ltr'><strong>consensu</strong></span> <span class='ocrx_word' id='word_1_323' title='bbox 1144 4225 1461 4291; x_wconf 90' lang='lat' dir='ltr'><strong>decretum</strong></span> <span class='ocrx_word' id='word_1_324' title='bbox 1509 4224 1715 4306; x_wconf 84' lang='lat' dir='ltr'><strong>fuerit,</strong></span> <span class='ocrx_word' id='word_1_325' title='bbox 1763 4229 1834 4293; x_wconf 90' lang='lat' dir='ltr'><strong>ut</strong></span> <span class='ocrx_word' id='word_1_326' title='bbox 1878 4229 2004 4293; x_wconf 89' lang='lat' dir='ltr'><strong>tres</strong></span> <span class='ocrx_word' id='word_1_327' title='bbox 2044 4225 2544 4294; x_wconf 86' lang='lat' dir='ltr'><strong>cisterciensium</strong></span> <span class='ocrx_word' id='word_1_328' title='bbox 2591 4228 2950 4311; x_wconf 84' lang='lat' dir='ltr'><strong>Trappista·</strong></span> 
     </span>
     <span class='ocr_line' id='line_1_39' title="bbox 464 4325 2950 4415; baseline 0.003 -25"><span class='ocrx_word' id='word_1_329' title='bbox 464 4344 598 4390; x_wconf 90' lang='lat' dir='ltr'><strong>rum</strong></span> <span class='ocrx_word' id='word_1_330' title='bbox 632 4325 1075 4395; x_wconf 80' lang='lat' dir='ltr'><strong>observantiae</strong></span> <span class='ocrx_word' id='word_1_331' title='bbox 1106 4328 1621 4409; x_wconf 89' lang='lat' dir='ltr'><strong>Westmallensis‚</strong></span> <span class='ocrx_word' id='word_1_332' title='bbox 1662 4328 2176 4415; x_wconf 71' lang='lat' dir='ltr'><strong>septemfontium</strong></span> <span class='ocrx_word' id='word_1_333' title='bbox 2209 4333 2273 4397; x_wconf 93' lang='lat' dir='ltr'><strong>et</strong></span> <span class='ocrx_word' id='word_1_334' title='bbox 2307 4331 2730 4398; x_wconf 79' lang='lat' dir='ltr'><strong>Mellearensis</strong></span> <span class='ocrx_word' id='word_1_335' title='bbox 2760 4350 2950 4397; x_wconf 90' lang='lat' dir='ltr'><strong>unum</strong></span> 
     </span>
     <span class='ocr_line' id='line_1_40' title="bbox 463 4430 2948 4520; baseline 0.004 -25"><span class='ocrx_word' id='word_1_336' title='bbox 463 4430 711 4497; x_wconf 91' lang='lat' dir='ltr'><strong>tantum</strong></span> <span class='ocrx_word' id='word_1_337' title='bbox 758 4430 1048 4498; x_wconf 89' lang='lat' dir='ltr'><strong>Ordinem</strong></span> <span class='ocrx_word' id='word_1_338' title='bbox 1101 4432 1604 4501; x_wconf 75' lang='lat' dir='ltr'><strong>cisterciensium</strong></span> <span class='ocrx_word' id='word_1_339' title='bbox 1644 4434 2154 4520; x_wconf 69' lang='lat' dir='ltr'><strong>Reformatorum</strong></span> <span class='ocrx_word' id='word_1_340' title='bbox 2187 4435 2272 4503; x_wconf 89' lang='lat' dir='ltr'><strong>B.</strong></span> <span class='ocrx_word' id='word_1_341' title='bbox 2304 4435 2405 4503; x_wconf 77' lang='lat' dir='ltr'><strong>M.</strong></span> <span class='ocrx_word' id='word_1_342' title='bbox 2451 4436 2519 4504; x_wconf 81' lang='lat' dir='ltr'><strong>V.</strong></span> <span class='ocrx_word' id='word_1_343' title='bbox 2553 4436 2630 4502; x_wconf 79' lang='lat' dir='ltr'><strong>de</strong></span> <span class='ocrx_word' id='word_1_344' title='bbox 2666 4435 2948 4519; x_wconf 70' lang='lat' dir='ltr'><strong>Trappa,</strong></span> 
     </span>
     <span class='ocr_line' id='line_1_41' title="bbox 464 4533 2948 4620; baseline 0.002 -23"><span class='ocrx_word' id='word_1_345' title='bbox 464 4534 577 4598; x_wconf 90' lang='lat' dir='ltr'><strong>sub</strong></span> <span class='ocrx_word' id='word_1_346' title='bbox 625 4536 807 4600; x_wconf 87' lang='lat' dir='ltr'><strong>unius</strong></span> <span class='ocrx_word' id='word_1_347' title='bbox 850 4533 1197 4619; x_wconf 86' lang='lat' dir='ltr'><strong>Superioris</strong></span> <span class='ocrx_word' id='word_1_348' title='bbox 1243 4537 1540 4620; x_wconf 89' lang='lat' dir='ltr'><strong>regimine</strong></span> <span class='ocrx_word' id='word_1_349' title='bbox 1601 4539 2088 4618; x_wconf 87' lang='lat' dir='ltr'><strong>constituerent,</strong></span> <span class='ocrx_word' id='word_1_350' title='bbox 2153 4538 2281 4605; x_wconf 83' lang='lat' dir='ltr'><strong>Nos</strong></span> <span class='ocrx_word' id='word_1_351' title='bbox 2338 4538 2505 4607; x_wconf 89' lang='lat' dir='ltr'><strong>datis</strong></span> <span class='ocrx_word' id='word_1_352' title='bbox 2537 4538 2827 4617; x_wconf 55' lang='lat' dir='ltr'><strong>,Litteris</strong></span> <span class='ocrx_word' id='word_1_353' title='bbox 2886 4540 2948 4604; x_wconf 92' lang='lat' dir='ltr'><strong>in</strong></span> 
     </span>
     <span class='ocr_line' id='line_1_42' title="bbox 465 4636 2948 4726; baseline 0.004 -26"><span class='ocrx_word' id='word_1_354' title='bbox 465 4637 660 4700; x_wconf 78' lang='lat' dir='ltr'><strong>forma</strong></span> <span class='ocrx_word' id='word_1_355' title='bbox 713 4636 924 4704; x_wconf 87' lang='lat' dir='ltr'><strong>Brevis</strong></span> <span class='ocrx_word' id='word_1_356' title='bbox 969 4637 1069 4705; x_wconf 89' lang='lat' dir='ltr'><strong>die</strong></span> <span class='ocrx_word' id='word_1_357' title='bbox 1122 4639 1216 4706; x_wconf 82' lang='lat'><strong>12.</strong></span> <span class='ocrx_word' id='word_1_358' title='bbox 1268 4639 1482 4707; x_wconf 84' lang='lat' dir='ltr'><strong>Martii</strong></span> <span class='ocrx_word' id='word_1_359' title='bbox 1528 4641 1729 4721; x_wconf 82' lang='lat'><strong>1893,</strong></span> <span class='ocrx_word' id='word_1_360' title='bbox 1789 4659 1907 4709; x_wconf 93' lang='lat' dir='ltr'><strong>non</strong></span> <span class='ocrx_word' id='word_1_361' title='bbox 1966 4643 2165 4709; x_wconf 90' lang='lat' dir='ltr'><strong>solum</strong></span> <span class='ocrx_word' id='word_1_362' title='bbox 2210 4643 2369 4709; x_wconf 88' lang='lat' dir='ltr'><strong>hanc</strong></span> <span class='ocrx_word' id='word_1_363' title='bbox 2413 4643 2691 4726; x_wconf 89' lang='lat' dir='ltr'><strong>optatam</strong></span> <span class='ocrx_word' id='word_1_364' title='bbox 2740 4643 2948 4709; x_wconf 91' lang='lat' dir='ltr'><strong>unita-</strong></span> 
     </span>
    </p>
   </div>
  </div>
 </body>
</html>
