3303 5013
1245 329 1378 381 und
1414 327 1968 395 Enesches'dtmyen.
2721 303 2849 379 713

371 497 480 560 aut
547 496 941 580 privilegium
1008 497 1344 582 capellano
1415 495 1516 563 SS.
1567 496 1851 563 Nominis
1916 496 2189 573 Mariae3
2258 498 2393 561 turn
2455 494 2714 579 denique
2780 515 2854 562 ex

369 601 537 681 praxi
584 601 892 666 constanti
933 602 1153 668 Curiae
1203 601 1756 679 Sanminiatensis,
1817 620 1976 685 quae
2018 600 2253 667 dictum
2305 600 2706 684 Capellanum
2756 602 2848 665 uti

368 703 663 769 Curatum
712 724 949 789 semper
993 706 1211 772 habuit
1255 706 1383 772 sive
1429 705 1505 771 ob
1546 705 2130 771 communicationes
2189 704 2307 787 ipsi
2351 703 2555 770 factas
2600 707 2665 770 et
2703 704 2849 769 solis

369 809 649 890 parochis
692 809 823 875 fieri
869 809 1120 889 solitas,
1180 811 1308 877 sive
1368 810 1445 875 ob
1506 808 1718 875 Curati
1779 809 2145 893 qualitatem
2205 808 2403 874 eidem
2470 826 2711 891 semper
2752 826 2846 874 re-

367 915 696 995 cognitam.
792 914 979 981 Hisce
1024 916 1308 981 omnibus
1354 914 1688 999 perpensis,
1737 914 2050 979 concludit
2092 913 2297 991 Curia,
2347 912 2420 980 R.
2463 910 2844 977 Gubernium

365 1017 463 1081 die
539 1017 594 1083 7.
662 1019 873 1083 Martii
941 1039 994 1086 a.
1076 1020 1239 1086 1869
1308 1020 1581 1085 decrevit
1648 1018 2070 1103 Capellaniam
2145 1016 2205 1083 S.
2272 1016 2517 1083 Ranieri
2594 1015 2849 1080 minime

369 1121 683 1186 subiacere
726 1122 847 1206 legi
894 1125 1357 1207 suppressionis.

573 1225 871 1301 Tandem,
920 1229 1310 1312 prosequitur
1353 1228 1559 1305 Curia,
1614 1227 1910 1311 Cappella
1954 1225 2059 1292 SS.
2108 1224 2393 1292 Nominis
2438 1223 2678 1292 Mariae
2720 1223 2849 1290 sive

366 1329 427 1393 in
473 1329 662 1412 ipsius
711 1331 933 1397 Curiae
979 1333 1137 1398 actis
1182 1333 1311 1398 sive
1359 1333 1417 1397 in
1468 1332 1928 1398 institutionum
1980 1330 2179 1396 Bullis
2237 1348 2478 1413 semper
2538 1328 2849 1413 appellata

238 1428 245 1449 '
365 1432 487 1498 fuit
538 1434 778 1501 Curata
822 1437 1236 1516 succursaliS,
1301 1437 1396 1501 uti
1460 1436 1664 1500 videre
1728 1438 1821 1501 est
1882 1435 1942 1500 in
2006 1433 2358 1518 respectivis
2427 1432 2623 1498 Bullis
2667 1432 2849 1499 insti-

366 1538 623 1603 tutionis
669 1540 934 1605 actualis
982 1541 1302 1625 capellani
1348 1540 1587 1606 Grifoni
1635 1541 1886 1624 eiusque
1930 1538 2264 1604 decessoris
2312 1536 2647 1604 Paolicchi.

574 1643 662 1707 Ex
736 1643 1026 1723 adverso,
1103 1644 1436 1711 advocatus
1514 1644 1830 1727 Capellaui
1905 1644 2171 1708 sustinet
2238 1643 2550 1708 decretum
2629 1640 2848 1708 Curiae

364 1744 424 1811 S.
461 1718 723 1810 Μὶοἰαῐί
770 1747 935 1812 nullo
979 1748 1153 1814 modo
1199 1749 1489 1814 sustineri
1538 1767 1730 1832 posse.
1786 1747 1967 1825 Sane,
2013 1746 2235 1830 inquit,
2284 1747 2454 1812 iuxta
2499 1746 2844 1828 doctrinam

364 1850 772 1915 communiter
818 1853 1147 1934 receptam,
1198 1852 1427 1935 absque
1479 1852 1868 1935 Apostolicae
1914 1851 2090 1917 Sedis
2129 1848 2581 1934 dispensatione
2625 1849 2848 1915 funda-

366 1954 565 2018 torum
606 1954 893 2019 voluntas
941 1956 1169 2021 mutari
1216 1957 1469 2040 nequit3
1539 1976 1729 2041 eoque
1800 1955 1999 2039 magis
2065 1973 2223 2020 nova
2283 1971 2471 2019 onera
2532 1952 2847 2019 beneficiis

365 2057 798 2124 ecclesiasticis
843 2058 1074 2142 imponi
1120 2079 1233 2124 non
1283 2063 1556 2143 possunt.
1653 2060 1723 2124 In
1787 2079 1932 2125 casu
1996 2060 2203 2124 autem
2263 2055 2578 2123 fundatrix
2622 2056 2846 2140 Capel-

365 2160 564 2225 laniae
610 2160 669 2227 S.
720 2162 1002 2239 Rauieri,
1058 2164 1364 2247 explicitis
1411 2165 1649 2242 verbis,
1698 2184 1875 2230 suam
1921 2160 2216 2246 expressit
2260 2160 2683 2240 voluntatem,
2730 2160 2847 2227 Ca·

367 2264 611 2347 pellano
681 2266 886 2349 plures
955 2267 1416 2350 praescribendo
1485 2268 1915 2354 obligationes,
2008 2267 2207 2334 Adest
2266 2265 2513 2350 quidem
2572 2264 2844 2332 officium

365 2368 759 2435 ministrandi
806 2371 1046 2454 populo,
1094 2371 1198 2455 qui
1248 2373 1375 2437 ruri
1423 2376 1838 2440 commoretur
1885 2373 1994 2437 aut
2040 2372 2117 2436 ad
2165 2371 2518 2437 Oratorium
2568 2369 2843 2448 accedat,

364 2473 454 2538 uti
503 2492 573 2538 ex
617 2473 751 2558 ipsa
797 2474 1175 2560 obligatione
1223 2475 1562 2563 Capellauo
1613 2478 1904 2562 imposita
1950 2475 2237 2542 continue
2276 2494 2458 2559 penes
2489 2472 2843 2541 Oratorium

360 2578 665 2644 residendi
711 2579 1082 2658 desumitur;
1148 2582 1300 2646 item
1367 2583 1695 2666 explicatio
1763 2580 2081 2664 Evangelii
2149 2580 2211 2645 et
2279 2575 2659 2643 Catecbismi
2726 2577 2842 2641 im-

360 2682 629 2766 ponitur,
676 2684 836 2766 quod
878 2686 973 2750 est
1013 2687 1415 2768 parochorum
1448 2686 1799 2770 proprium;
1845 2684 1950 2749 sed
1984 2682 2411 2748 tantummodo
2442 2681 2508 2746 in
2539 2680 2838 2748 Oratorio.

377 2786 452 2850 ‚lt
495 2787 559 2851 in
601 2788 924 2852 erectionis
965 2788 1196 2855 tabulis
1242 2809 1319 2854 ne
1361 2791 1611 2856 verbum
1669 2789 1918 2874 quidem
1964 2788 2274 2854 invenitur
2319 2785 2393 2852 de
2441 2802 2691 2850 munere
2734 2802 2845 2868 pro

371 2890 695 2974 Capellano
741 2891 1071 2958 adiuvandi
1119 2895 1270 2960 duos
1316 2894 1612 2961 finitimos
1659 2893 1991 2978 parochos,
2044 2893 2172 2957 sive
2218 2891 2283 2957 in
2328 2887 2697 2956 adsistentia
2740 2886 2838 2951 in-

365 2994 714 3072 firmorum,
782 2998 909 3060 sive
974 2997 1035 3061 in
1106 2998 1296 3063 sacris
1369 2997 1808 3064 functionibus.
1906 2997 2080 3061 Alias
2125 2996 2318 3071 enim,
2375 2992 2579 3077 pergit
2618 2993 2842 3070 orator,

361 3099 807 3182 quomodonam
866 3103 1072 3183 posset
1125 3102 1490 3185 Capellanus
1551 3122 1797 3186 operam
1857 3121 2031 3167 suam
2087 3100 2364 3167 totaliter
2422 3096 2731 3180 praestare
2778 3096 2844 3158 in

363 3203 703 3268 utilitatem
754 3203 947 3287 plebis
994 3206 1227 3287 praedii
1272 3207 1629 3287 Belvedere,
1681 3206 1774 3271 uti
1821 3206 1956 3290 ipsa
2003 3203 2342 3270 Fundatrix
2385 3199 2619 3266 iussit?
2690 3198 2842 3263 Cae-

359 3308 582 3385 terum,
635 3327 742 3372 nec
788 3308 1043 3375 obtenta
1090 3309 1210 3374 suit
1259 3330 1295 3375 a
1341 3311 1635 3376 Pontifice
1683 3311 1909 3394 gratia,
1960 3329 2069 3375 nec
2105 3308 2355 3372 babitus
2396 3304 2537 3382 fuit,
2577 3302 2703 3367 imo
2735 3319 2842 3365 nec

359 3412 675 3495 quaesitus
720 3413 962 3495 patroni
1008 3432 1371 3491 consensus3
1434 3415 1536 3498 qui
1597 3415 2058 3498 requirebatur,
2120 3430 2308 3496 quum
2370 3426 2567 3475 sermo
2626 3405 2710 3470 sit
2765 3404 2841 3469 de

359 3515 654 3580 beneficio
700 3516 1236 3599 iurispatronatus.

573 3620 846 3702 Insuper,
890 3624 1280 3706 prosequitur
1324 3624 1637 3705 patronus,
1687 3623 1938 3688 minime
1979 3622 2225 3706 prodest
2257 3620 2476 3686 Curiae
2507 3625 2840 3707 appellatio

359 3724 435 3787 ad
478 3725 1018 3804 consuetudinem,
1081 3726 1250 3791 iuxta
1310 3746 1493 3809 quam
1545 3727 1849 3812 capellani
1899 3727 2138 3792 Grifoni
2187 3727 2677 3810 praedecessores
2725 3748 2836 3812 pa-

359 3827 609 3890 rochum
657 3828 1073 3895 auxiliassent.
1132 3831 1395 3910 Etenim,
1432 3832 1657 3896 omisso
1689 3833 1963 3896 examine
1993 3831 2491 3897 testimoniorum
2527 3850 2564 3896 a
2594 3832 2841 3898 Vicario

361 3930 631 3995 Foraneo
680 3931 937 3997 Caesare
988 3934 1164 3999 Lenzi
1196 3934 1546 4012 allatorum,
1594 3936 1916 4019 vulgatum
1949 3939 2048 4000 est
2075 3934 2225 3999 iuris
2258 3934 2643 4018 principium,
2682 3936 2840 4001 hanc

359 4035 863 4100 consuetudinem
912 4038 1164 4118 gignere
1214 4058 1328 4103 non
1378 4058 1548 4121 posse
1592 4058 1798 4104 veram
1845 4039 2305 4123 obligationem,
2356 4058 2542 4122 quum
2578 4040 2651 4104 de
2683 4041 2838 4105 acti-

361 4137 473 4202 bus
507 4157 669 4200 mere
705 4139 1083 4206 facultativis
1114 4147 1370 4224 agatur:
1414 4145 1519 4223 „In
1554 4144 1935 4209 facultativis
1968 4163 2088 4209 non
2123 4144 2303 4208 datur
2337 4143 2836 4227 praescriptio...

363 4241 624 4307 Actibus
693 4263 855 4311 mere
906 4248 1288 4313 facultativis
1333 4270 1449 4315 non
1498 4251 1814 4315 inducitur
1855 4251 2232 4316 consuetudo
2276 4253 2521 4333 praeter
2559 4249 2838 4332 legem‘3

356 4345 801 4430 (Reiffenstuel
844 4350 931 4417 ad
974 4353 1064 4417 tit.
1112 4354 1169 4417 I.
1212 4354 1337 4421 dec.
1382 4361 1451 4419 ut
1492 4355 1614 4432 IV,
1661 4377 1723 4422 n.
1758 4357 1934 4434 130).
1989 4355 2140 4432 Imo,
2175 4353 2422 4418 etiamsi
2455 4354 2568 4417 hoc
2598 4354 2837 4418 certum

356 4468 476 4514 non
522 4454 716 4531 esset,
766 4453 841 4516 ad
893 4455 1003 4520 hoc
1051 4458 1122 4521 ut
1169 4458 1541 4523 consuetudo
1589 4460 1712 4523 vim
1763 4459 1917 4542 legis
1965 4459 2188 4524 habere
2237 4456 2461 4540 possit,
2519 4456 2837 4521 ostendere

355 4572 598 4620 necesse
642 4558 735 4621 est
780 4553 1141 4639 capellanos
1185 4558 1244 4625 S.
1297 4561 1542 4626 Ranieri
1592 4581 1702 4627 nec
1745 4564 2038 4630 invitatos
2086 4582 2194 4628 nec
2233 4567 2446 4645 sponte
2489 4561 2593 4626 sed
2625 4561 2832 4627 iussos

359 4660 691 4744 parochum
737 4661 1166 4747 coadiuvasse,
1234 4665 1377 4731 dum
1443 4687 1475 4733 e
1534 4667 1838 4734 contrario
1883 4668 1958 4733 de
2007 4669 2120 4734 hoc
2168 4688 2240 4732 ne
2288 4667 2541 4732 verbum
2587 4665 2838 4751 quidem
