3303 5013
1186 323 1316 377 und
1351 323 1912 394 Evusches‘dtmqen.
2661 308 2700 373 7
2713 311 2741 374 l
2752 308 2787 373 l

319 494 438 559 lam
482 513 655 562 suam
706 494 889 578 vulgo
931 495 1306 572 Belvedere,
1352 495 1518 560 intra
1565 495 1715 562 fines
1761 495 2074 580 paroeciae
2115 495 2234 563 loci
2279 496 2578 580 crespino
2622 498 2788 566 dioe-

315 600 466 663 cesis
490 600 550 666 S.
572 600 824 667 Miniati
851 599 1139 682 positam,
1174 599 1546 665 Beneficium
1573 602 1865 684 perpetuo
1890 600 2189 685 erigebat,
2214 601 2311 666 die
2333 603 2394 666 3.
2421 602 2574 667 Maii
2602 603 2789 671 1780.

510 704 781 772 Tabulae
827 703 1207 769 fundationis
1264 702 1422 786 (art.
1465 706 1541 783 7)
1596 706 1917 770 statuunt:
1995 706 2193 788 „quod
2254 704 2623 790 Capellanus
2671 728 2789 790 pro

305 813 568 892 tempore
627 810 882 876 Missam
946 809 1010 872 in
1067 806 1349 873 Oratorio
1413 808 1507 872 vel
1553 828 1660 891 per
1705 828 1768 873 se
1815 810 1909 875 vel
1959 829 2065 892 per
2114 809 2306 875 alium
2355 810 2630 894 quotidie
2677 830 2786 895 ap-

305 912 492 995 plicet
536 932 607 979 ac
653 913 953 989 celebret;
999 911 1150 977 item
1192 910 1346 994 (art.
1372 912 1448 997 8)
1481 913 1811 997 quotannis
1843 914 2067 980 festum
2099 912 2204 981 88.
2239 914 2528 980 Nominis
2554 914 2787 981 Mariae

308 1035 529 1100 magna
573 1037 712 1084 cum
759 1014 1152 1082 solemnitate
1198 1016 1463 1091 recolat;
1512 1035 1742 1083 necnon
1785 1017 2070 1083 omnibus
2108 1018 2249 1084 aliis
2282 1018 2499 1085 diebus
2544 1018 2788 1085 festivis

306 1119 705 1206 Evangelium
754 1122 817 1186 et
863 1119 1248 1186 catechesim
1295 1120 1560 1204 explicet
1600 1124 1711 1186 aut
1757 1122 1834 1186 ab
1870 1122 1992 1187 alio
2030 1122 2332 1206 explicare
2375 1122 2582 1203 faciat,
2617 1143 2786 1190 exer-

302 1225 517 1290 citium
579 1226 731 1292 Viae
780 1224 1033 1304 Graccis,
1085 1243 1205 1290 non
1251 1226 1537 1304 omittat,
1602 1244 1810 1291 sacras
1851 1226 2041 1292 ducat
2088 1227 2508 1293 Processiones
2546 1228 2624 1293 ab
2671 1226 2787 1294 Or-

303 1329 554 1395 dinariis
600 1329 993 1396 Dioecesanis
1038 1347 1355 1395 concessas
1400 1331 1560 1410 etc.,·
1603 1330 1762 1413 quod
1809 1331 1965 1415 (art.
1998 1332 2072 1413 9)
2119 1331 2196 1396 ad
2228 1331 2550 1414 spirituale
2589 1332 2787 1416 plebis

302 1434 522 1500 bonum
570 1433 820 1499 servitio
865 1432 1016 1498 dicti
1062 1431 1329 1499 Oratorii
1369 1434 1646 1500 totaliter
1691 1434 1775 1499 sit
1816 1433 2142 1511 addictus;
2191 1434 2439 1500 demum
2486 1435 2642 1519 (art.
2668 1439 2786 1520 10)

301 1538 459 1622 quod
540 1538 1035 1621 iuspatronatum
1111 1536 1383 1602 activum
1475 1537 1730 1603 huiusce
1801 1538 2198 1621 capellaniae
2266 1538 2345 1603 ad
2416 1538 2784 1606 fundatricis

300 1643 629 1721 haeredes,
697 1646 808 1708 aut
879 1642 957 1707 ad
1026 1641 1202 1706 illam
1270 1661 1590 1726 personam
1657 1642 1754 1708 vel
1805 1661 2126 1726 personas,
2181 1643 2406 1727 quibus
2452 1642 2786 1711 Comitissa

299 1748 433 1830 ipsa
478 1766 587 1831 per
632 1765 1077 1831 quemcumque
1120 1747 1248 1812 sive
1293 1749 1461 1814 inter
1499 1750 1674 1814 vivos
1717 1747 1846 1812 sive
1886 1747 2145 1813 ultimae
2186 1748 2527 1814 voluntatis
2572 1751 2782 1814 actum

297 1852 448 1916 illud
497 1851 835 1929 conferret;
898 1870 1128 1918 necnon
1189 1851 1403 1916 eadem
1467 1852 1704 1917 ratione
1767 1852 1846 1917 ad
1892 1851 2443 1936 Archiepiscopum
2484 1852 2782 1918 Pisanum

288 1977 409 2037 pro
458 1963 731 2039 tempore
786 1955 1147 2023 existentem
1211 1955 1555 2039 pertineat;
1622 1956 1716 2021 ita
1782 1959 1990 2022 tamen
2061 1960 2150 2034 ut,
2222 1955 2651 2022 deficientibus
2718 1962 2783 2024 et

295 2061 583 2127 extinctis
630 2061 824 2125 lineae
873 2059 1247 2126 masculinae
1281 2058 1668 2137 haeredibus,
1717 2060 2181 2144 iuspatronatus
2225 2063 2290 2125 et
2335 2061 2671 2127 nominatio
2703 2062 2779 2125 ad

294 2163 842 2248 Archiepiscopum
912 2185 1032 2247 pro
1091 2170 1363 2244 tempore
1439 2164 1730 2229 Pisanum
1803 2163 2051 2230 omnino
2127 2167 2191 2229 et
2272 2164 2335 2229 in
2414 2168 2778 2250 perpetuum

296 2271 597 2353 spectet‘.

501 2373 705 2455 Quum
767 2378 1009 2451 autem,
1076 2374 1240 2439 circa
1308 2373 1442 2438 iura
1506 2375 1571 2439 et
1630 2392 1818 2439 onera
1879 2373 2199 2457 capellani
2262 2372 2380 2439 loci
2440 2374 2783 2442 Belvedere

295 2477 668 2563 nuncupati,
741 2479 950 2545 exorta
999 2481 1164 2545 esset
1224 2478 1641 2545 controversia
1703 2477 2100 2562 capellanum
2147 2477 2347 2563 ipsum
2396 2478 2776 2563 Torquatum

291 2582 531 2649 Griioni
575 2583 738 2648 inter
783 2586 848 2648 et
894 2583 1315 2664 Francalanci,
1369 2583 1797 2667 Praepositum
1845 2583 2162 2665 paroeciae
2226 2582 2409 2665 vulgo
2458 2583 2777 2665 Ores-pino,

291 2707 478 2754 causa
523 2689 835 2771 proposita
882 2686 1000 2753 fuit
1044 2688 1338 2753 solvenda
1368 2687 1588 2754 curiae
1618 2684 1832 2753 Sancti
1865 2686 2138 2763 Miniati,
2175 2705 2333 2770 quae
2364 2685 2463 2752 die
2496 2686 2594 2751 15.
2626 2685 2778 2751 Maii

299 2793 460 2858 1902
506 2792 669 2857 inter
712 2792 836 2856 alia
882 2791 1187 2858 decrevit:
1242 2791 1681 2875 „capellanum
1730 2789 1912 2857 villae
1959 2791 2145 2875 vulgo
2195 2791 2540 2858 Belvedere
2576 2791 2775 2874 quoad

288 2897 672 2962 infirmorum
723 2895 1152 2962 adsistentiam
1209 2895 1361 2961 duos
1414 2896 1718 2963 Parochos
1758 2895 2035 2962 locorum
2069 2895 2372 2978 crespino
2402 2898 2467 2960 et
2502 2896 2780 2979 Tripalle

290 3001 674 3079 coadiuvare,
724 3019 955 3066 necnon
1003 3001 1065 3065 in
1113 3001 1290 3067 festis
1331 3021 1369 3067 a
1398 2999 1598 3067 Sacris
1632 3000 1987 3067 canonibus
2017 3001 2079 3065 et
2113 2999 2435 3083 praecipue
2468 3020 2505 3064 a
2534 2998 2779 3084 Synodo

291 3106 653 3172 dioecesana
711 3104 969 3171 statutis
1028 3105 1106 3170 ad
1153 3105 1473 3171 matricem
1513 3105 1842 3171 ecclesiam
1888 3104 2007 3170 loci
2060 3104 2362 3187 Ore-spino
2405 3104 2779 3170 intervenire

290 3209 577 3277 debere“.

500 3314 868 3399 Capelianus
913 3313 1182 3380 Oratorii
1228 3313 1333 3380 88.
1380 3313 1667 3380 Nominis
1713 3313 1951 3378 Mariae
2011 3313 2088 3379 ad
2151 3312 2211 3381 8.
2260 3312 2481 3379 Sedem
2539 3315 2614 3377 ab
2665 3314 2779 3378 hoc

288 3419 537 3485 decreto
578 3437 893 3484 recursum
943 3418 1181 3484 habuit.
1237 3418 1625 3502 Quapropter
1671 3436 1861 3483 causa
1908 3418 2053 3482 huic
2099 3416 2324 3483 Sacrae
2365 3417 2484 3482 EF..
2533 3417 2596 3481 et
2642 3416 2776 3483 RR.

292 3523 776 3608 Congregationi
844 3521 1189 3588 definienda
1257 3523 1611 3606 proponitur
1678 3522 1792 3587 sub
1862 3522 2121 3605 rogandi
2189 3521 2452 3586 formula
2529 3522 2675 3600 „An
2723 3528 2782 3587 et

289 3628 591 3710 quomodo
651 3628 959 3695 decretwn
1025 3626 1259 3695 Curiae
1317 3627 1851 3695 Sanminiatensis
1909 3627 2012 3692 die
2072 3630 2173 3693 15.
2232 3627 2413 3692 Maii
2458 3631 2636 3692 1902
2692 3630 2780 3692 sit

291 3733 796 3817 confirmandum
842 3734 935 3800 vel
976 3734 1436 3816 infirmandum
1479 3733 1551 3799 in
1589 3736 1812 3799 casu“.

498 3837 791 3903 Jamvero
853 3838 1038 3903 curia
1097 3835 1157 3902 8.
1223 3837 1469 3901 Miniati
1531 3837 1905 3902 sententiam
1967 3853 2182 3911 suam,
2242 3835 2501 3918 ideoque
2560 3853 2776 3917 supra-

289 3940 522 4007 dictam
569 3940 889 4025 Capellani
936 3942 1204 4008 Orator-ii
1250 3941 1358 4007 SS.
1401 3938 1687 4006 Nominis
1722 3940 1958 4005 Mariae
1991 3939 2452 4022 obligationem,
2501 3939 2779 4021 pluribus

291 4045 618 4111 defendere
665 4046 888 4112 nititur
935 4046 1343 4130 argumentis.

501 4150 815 4235 Imprimis
863 4150 1051 4216 Curia
1096 4151 1175 4216 ad
1223 4150 1407 4215 verba
1452 4148 1633 4214 citati
1680 4152 1798 4217 art.
1850 4149 1910 4226 9,
1958 4147 2342 4214 fundationis
2387 4145 2687 4229 confugit.

502 4257 726 4322 Postea
776 4256 1197 4321 demonstrare
1259 4254 1587 4320 adlaborat
1645 4254 1879 4336 praxim
1943 4254 2325 4318 constantem
2386 4250 2620 4316 servitii
2670 4270 2774 4332 pa·

292 4361 599 4437 rochialis,
646 4360 927 4445 praestiti
975 4359 1054 4423 ab
1098 4359 1385 4424 omnibus
1433 4358 1577 4442 pagi
1625 4358 1969 4425 Belvedere
2015 4356 2348 4439 nuncupati
2406 4354 2774 4437 capellanis.

292 4465 490 4545 Nam,
537 4468 630 4532 ait
671 4465 893 4541 Curia,
944 4464 1057 4530 hoc
1104 4466 1413 4530 testantur
1459 4462 1579 4527 duo
1621 4464 1845 4540 testes,
1906 4481 2120 4544 nempe
2168 4459 2509 4543 Leopoldus
2548 4458 2774 4523 Donati

292 4588 347 4637 a.
397 4570 480 4635 53
525 4574 590 4636 et
638 4569 897 4635 Attilius
961 4567 1207 4635 Cassati
1265 4586 1319 4632 a.
1367 4567 1449 4629 43
1514 4566 1628 4633 loci
1691 4565 2023 4648 crespino,
2091 4565 2196 4648 qui
2265 4564 2380 4629 sub
2444 4563 2775 4627 iuramenti

293 4675 535 4745 vinculo
606 4674 918 4765 deponunt
992 4673 1145 4739 duos
1215 4670 1714 4756 praedecessores
1787 4669 2056 4736 actualis
2123 4667 2442 4753 capellani
2514 4666 2773 4744 Grifoni,
