3303 5013
1185 326 1319 383 und
1351 326 1913 400 Entscinetdunyen.
2664 307 2791 375 267

316 501 586 584 personis
628 502 984 586 assignatas
1025 502 1241 568 iisdem
1289 522 1361 568 ex
1405 501 1668 587 propriis
1713 522 1853 569 cum
1900 501 2142 589 proprio
2201 501 2423 569 damno
2468 499 2796 566 restituere

308 609 648 691 cogeretur.

520 720 722 786 »Hinc
763 719 1110 786 humillime
1157 723 1364 805 petere
1410 721 1622 800 audeo,
1676 725 1781 786 ut:

518 833 850 916 »,‚parochi
903 832 1211 917 impediti,
1285 833 1612 918 quominus
1682 835 1900 901 missas
1970 834 2262 899 fundatas
2326 838 2456 898 tam
2498 831 2791 917 legendas

305 956 489 1019 quam
534 937 875 1003 cantandas
921 938 982 1002 in
1030 939 1274 1022 propria
1322 939 1614 1023 parocbia
1664 940 2038 1022 persolvant,
2100 939 2299 1004 solum
2358 956 2494 1003 eam
2558 935 2791 1020 portio·

307 1060 442 1106 nem
500 1041 809 1107 redituum
873 1043 949 1107 ad
1015 1043 1264 1108 Curiam
1316 1043 1737 1128 Episcopalem
1785 1045 2212 1110 transmittere
2271 1043 2570 1121 debeant,
2634 1060 2792 1125 quae

301 1147 455 1229 ipsis
500 1150 819 1231 tamquam
867 1146 1294 1214 fundationem
1353 1149 1842 1231 persolventibus
1899 1149 2228 1233 competit,
2291 1147 2600 1232 portiones
2652 1164 2791 1212 vero

299 1253 435 1315 tam
483 1251 758 1317 ecclesiis
799 1271 984 1336 quam
1032 1253 1404 1335 organistiS,
1469 1253 1766 1330 aedituis,
1833 1253 1974 1318 aliis
2035 1252 2310 1336 personis
2356 1251 2562 1336 aliquo
2609 1250 2791 1316 modo

301 1355 792 1440 cooperantibus,
840 1357 1328 1440 pauperibusque
1369 1358 1723 1442 assignatas
1757 1377 1862 1440 pro
1894 1357 2115 1424 iisdem
2152 1357 2416 1423 retinere
2446 1355 2786 1439 possint⁴‘‹.

514 1468 608 1532 Ad
656 1468 769 1533 has
814 1468 1058 1533 litteras
1109 1469 1263 1534 E.mi
1315 1471 1596 1554 Episcopi
1643 1471 1976 1553 repositum
2041 1471 2160 1535 fuit
2204 1468 2281 1533 ab
2326 1469 2403 1535 Η.
2450 1468 2514 1534 8.
2558 1467 2624 1534 C.
2672 1466 2787 1531 sub

303 1573 407 1637 die
446 1579 551 1639 24.
605 1571 842 1639 Martii
886 1581 1058 1643 1902
1102 1615 1186 1625 —
1233 1577 1458 1656 videri,
1505 1578 1818 1657 rescripta
1856 1575 1988 1642 diei
2029 1580 2138 1641 23.
2188 1574 2567 1656 Septembris
2615 1575 2790 1638 1895

304 1677 787 1762 ,archiepiscopo
831 1677 1187 1746 Coloniensi
1241 1687 1297 1746 et
1345 1681 1476 1746 diei
1517 1687 1573 1746 1.
1622 1679 1904 1746 Octobris
1946 1679 2225 1745 eiusdem
2268 1680 2429 1744 anni
2476 1677 2790 1761 Episcopo

305 1782 698 1848 Hildesiensi
742 1804 1029 1851 concessa
1075 1792 1331 1852 eatenus
1375 1785 1627 1850 extendi
1670 1805 1792 1849 non
1831 1804 2017 1866 posse
2060 1790 2128 1849 ut
2171 1803 2251 1849 ex
2288 1783 2598 1848 reditibus
2636 1781 2783 1863 fun·

304 1885 623 1951 dationum
658 1886 1028 1953 detrahatur
1068 1889 1454 1971 stipendium
1491 1910 1616 1970 pro
1661 1910 1843 1971 opere
1887 1888 2054 1971 quod
2094 1888 2353 1954 minime
2385 1891 2785 1970 praestatur.

299 1990 721 2057 Retinendam
765 1995 935 2057 enim
979 1999 1070 2059 est
1108 1994 1174 2057 in
1222 2013 1377 2060 casu
1415 1994 1711 2077 exposita
1754 1992 2135 2077 stipendium
2166 1991 2454 2076 persolvi
2494 1991 2714 2057 debere
2745 2011 2787 2054 a

291 2095 594 2176 parochis
637 2097 750 2179 qui
789 2097 1020 2175 forsan
1064 2098 1312 2164 Missas
1347 2098 1794 2181 fundationum
1836 2100 2103 2164 minime
2148 2096 2459 2164 celebrant
2502 2116 2570 2162 eo
2621 2096 2789 2177 quod

300 2199 544 2265 abunde
575 2201 950 2283 pinquiores
990 2203 1220 2269 habent
1260 2204 1700 2288 eleemosynas.

509 2311 720 2380 E.mus
769 2313 1102 2398 Episcopus
1146 2315 1296 2379 baec
1343 2317 1650 2399 reposuit:

511 2425 740 2491 »Porro
786 2428 1032 2511 exposui
1092 2428 1153 2492 in
1217 2428 1480 2514 supplici
1542 2428 1758 2494 libello
1818 2427 2012 2493 citato
2071 2427 2315 2493 easdem
2382 2445 2628 2511 prorsus
2683 2424 2793 2491 ra?

298 2531 495 2595 tiones
560 2551 597 2596 a
660 2531 856 2599 R.mis
903 2534 1314 2599 Antistitibus
1372 2533 1720 2601 Coloniensi
1782 2534 1846 2598 et
1900 2532 2274 2598 Hildesiensi
2341 2551 2445 2615 pro
2505 2530 2633 2595 suis
2689 2550 2782 2596 re-

295 2636 586 2717 spectivis
646 2635 1030 2704 dioecesibus
1085 2639 1313 2704 allatas
1375 2639 1577 2704 valere
1637 2639 1852 2704 eodem
1918 2638 2096 2702 modo
2142 2657 2249 2721 pro
2293 2636 2556 2701 dioecesi
2603 2634 2780 2699 Wra-

296 2740 656 2808 tislaviensi.
705 2741 1103 2822 Permittant,
1151 2762 1397 2827 quaese,
1446 2743 1603 2812 E.mi
1639 2743 1876 2820 Patres,
1928 2747 1997 2808 ut
2029 2762 2133 2808 eas
2164 2742 2226 2807 in
2258 2760 2439 2807 succo
2468 2741 2782 2823 repetam;

295 2847 362 2909 et
404 2844 653 2928 quidem

519 2959 615 3025 »1.
664 2958 1081 3038 Fundatores,
1152 2961 1258 3043 qui
1321 2961 1382 3026 in
1430 2961 1825 3027 stabiliendis
1865 2960 2094 3046 legatis
2140 2960 2255 3044 piis
2301 2961 2500 3025 certos
2546 2956 2782 3024 reditus

302 3061 572 3127 ecclesiis
611 3064 1029 3148 assignarunt,
1078 3071 1245 3131 certo
1292 3067 1522 3131 certius
1567 3066 1947 3133 liberalitate
1994 3084 2108 3129 sua
2157 3064 2433 3130 ecclesiis
2464 3062 2613 3141 suia,
2659 3081 2779 3128 non

301 3164 553 3244 alienis,
612 3168 937 3233 subvenire
999 3170 1418 3235 intenderunt.
1513 3169 1677 3236 Hinc
1734 3171 1884 3236 haec
1944 3169 2142 3253 portio
2198 3168 2447 3234 fabricis
2487 3166 2665 3252 quasi
2711 3186 2781 3232 ex

296 3269 481 3336 titulo
525 3271 806 3337 iustitiae
852 3277 1196 3357 competere
1245 3273 1510 3343 videtur.

507 3386 603 3453 »2.
653 3385 1066 3455 Ecclesiarum
1114 3387 1536 3453 benefactores
1596 3386 2061 3453 fundationibus
2120 3386 2248 3452 suis
2299 3388 2488 3452 etiam
2535 3388 2779 3451 susten-

288 3488 516 3555 tationi
563 3489 984 3556 ministrorum
1032 3511 1384 3557 succurrere
1430 3493 1837 3570 studuerunt,
1901 3493 1992 3558 ita
2053 3496 2121 3556 ut
2189 3495 2520 3574 proventus
2565 3510 2777 3556 earum

292 3596 530 3676 partem
576 3594 851 3661 efficiant
884 3615 1190 3680 congruae
1220 3597 1371 3681 ipsis
1403 3597 1830 3681 competentis,
1874 3616 1997 3680 qua
2027 3597 2191 3680 ipsos
2220 3595 2483 3679 spoliare
2514 3614 2776 3680 aequum

293 3716 409 3763 non
460 3697 723 3764 videtur.

503 3812 602 3877 »3.
646 3812 906 3896 Exposui
941 3815 1054 3881 has
1088 3817 1395 3899 portiones
1427 3824 1559 3882 tum
1592 3816 1843 3882 fabricis
1875 3820 2006 3881 tum
2041 3816 2439 3881 ecclesiarum
2475 3814 2779 3879 ministris

294 3919 712 3999 competentes
773 3919 966 4003 Regio
1028 3919 1342 3986 Gubernio
1389 3924 1566 3987 notas
1613 3922 1691 3987 ab
1738 3922 1869 4006 ipso
1915 3925 2233 4005 tamquam
2283 3925 2520 4004 partem
2566 3918 2778 3984 salarii

295 4018 477 4086 dictis
537 4023 811 4105 personis
870 4025 1276 4109 competentis
1335 4027 1718 4110 computari,
1783 4027 1874 4093 ita
1931 4029 2003 4092 ut
2065 4026 2369 4110 parochus
2425 4024 2563 4110 lege
2609 4023 2776 4088 civili

291 4131 581 4209 cogatur,
649 4130 722 4193 ut
790 4129 904 4195 has
968 4131 1277 4213 portiones
1331 4131 1459 4197 sive
1513 4130 1766 4197 fabricis
1810 4132 1940 4197 sive
1988 4131 2290 4197 ministris
2337 4130 2660 4206 restituat,
2723 4129 2777 4194 si

291 4248 501 4297 omnes
547 4232 783 4301 reditus
825 4233 1277 4313 fundationum,
1322 4256 1476 4320 quas
1521 4236 1654 4320 ipse
1695 4236 2035 4321 persolvere
2068 4236 2306 4319 nequit,
2354 4236 2777 4300 transmittere

288 4333 491 4404 debet.
571 4336 653 4402 Et
695 4336 809 4402 hoc
847 4338 1092 4423 quidem
1140 4340 1291 4405 bene
1337 4340 1538 4425 quoad
1585 4341 1725 4408 illos
1772 4340 2084 4424 parochos,
2133 4340 2208 4405 de
2254 4340 2478 4425 quibus
2521 4339 2583 4403 S.
2618 4339 2774 4404 Con-

290 4458 574 4542 gregatio
618 4459 679 4523 in
727 4458 956 4525 litteris
1002 4461 1061 4528 d.
1096 4462 1154 4528 d.
1200 4464 1305 4528 24.
1356 4462 1573 4528 Martii
1621 4482 1676 4531 a.
1724 4483 1771 4529 c.
1822 4448 1987 4565 (¹224)
2033 4463 2342 4547 supponit,
2394 4462 2533 4545 „qui
2571 4460 2772 4525 forsan

291 4561 511 4627 missas
570 4562 1002 4631 fundationum
1068 4567 1318 4633 minime
1379 4567 1696 4633 celebrant
1753 4588 1823 4633 eo
1884 4568 2041 4653 quod
2102 4567 2351 4633 aliunde
2422 4566 2774 4649 pinguiores

294 4666 522 4732 babent
580 4667 1060 4755 eleemosynas“.
1157 4671 1328 4753 Quod
1393 4672 1639 4756 quidem
1710 4693 1827 4739 non
1891 4675 2074 4740 licere
2138 4691 2314 4738 nemo
2375 4672 2651 4756 ignorat,
2711 4673 2776 4738 et
