3303 5013
554 279 678 344 108
1397 297 1746 354 Rirchliche
1783 295 2187 353 Akemtacke

549 471 777 550 omnia,
823 471 1083 557 gratias,
1126 469 1564 555 indulgentias,
1596 470 1952 550 facultates,
1987 467 2449 555 praerogativas
2479 469 2544 535 et
2572 467 2838 546 indulta,
2869 486 3040 551 quae

548 575 900 660 praedictae
945 575 1338 642 cisterciensi
1384 576 1683 664 Familiae
1727 574 2186 660 quomodolibet
2229 592 2515 642 concessa
2542 574 2810 652 fuorunt,
2847 572 3035 638 dum·

552 680 731 748 modo
775 680 841 746 in
885 698 998 746 usu
1043 681 1172 747 sint
1215 684 1277 748 et
1324 699 1445 747 non
1488 681 1614 746 sint
1659 682 1942 747 revocata
1988 698 2183 764 neque
2220 679 2333 746 sub
2364 679 2511 744 ullis
2541 677 3039 745 revocationibus

549 785 1005 870 comprehensa,
1045 805 1117 852 ac
1160 783 1333 853 Sacri
1379 785 1636 852 concilii
1684 784 2029 851 Tridentini
2065 784 2348 850 Decretis
2378 786 2443 849 et
2471 782 3038 851 constitutionibus

552 889 926 974 Apostolicis
971 892 1159 975 atque
1202 890 1488 957 Instituti
1532 908 1655 956 non
1701 889 2120 967 adversentur,
2183 891 2247 954 et
2304 888 2528 972 quibus
2568 887 2784 954 Abbas
2827 885 3034 953 Gene-

551 993 699 1059 ralis
743 994 1052 1079 ceterique
1106 995 1380 1061 Abbates
1423 995 1486 1061 et
1530 992 1784 1061 Sodales
1843 993 2287 1062 observantiae
2333 992 2690 1059 Communis
2749 993 3034 1068 utuntur,

549 1098 869 1181 potiuntur
913 1100 976 1164 et
1020 1098 1329 1183 gaudent,
1375 1099 1507 1164 sine
1551 1098 1683 1164 ulla
1729 1117 1974 1182 prorsus
2019 1097 2402 1174 differentia,
2443 1097 2817 1163 auctoritate
2861 1098 2926 1163 et
2967 1096 3034 1162 vi

547 1201 882 1286 praedictis
925 1205 1270 1287 competere
1307 1203 1643 1269 statuimus
1684 1204 1749 1269 et
1785 1201 2210 1281 declaramus;
2271 1202 2553 1286 illisque,
2622 1201 2675 1266 si
2730 1220 2882 1286 opus
2925 1201 3031 1280 sit,

549 1325 624 1372 ea
665 1305 872 1373 omnia
907 1307 1295 1390 impertimur
1326 1309 1389 1373 et
1420 1305 1828 1387 extendimus,
1873 1306 2107 1374 incluso
2145 1307 2331 1373 etiam
2364 1306 2686 1391 privilegio
2715 1305 3031 1373 Abbatum

549 1410 916 1491 conferendi,
964 1396 1227 1478 servatis
1270 1411 1605 1490 servandis,
1649 1411 2042 1496 regularibus
2085 1410 2214 1477 suis
2257 1410 2526 1477 subditis
2571 1412 2835 1495 primam
2869 1410 3030 1476 Ton-

551 1535 756 1581 suram
803 1516 870 1581 et
911 1518 1176 1600 quatuor
1216 1513 1476 1582 Ordines
1538 1514 1804 1581 minores
1855 1514 2305 1582 tantummodo.
2401 1514 2812 1581 Decernentes
2854 1533 3031 1599 prae-

548 1623 751 1685 sentes
820 1620 1089 1688 Litteras
1150 1619 1418 1699 validas,
1484 1619 1697 1685 firmas
1764 1621 1827 1686 et
1892 1619 2173 1686 efficaces
2234 1638 2366 1686 esse
2419 1622 2485 1686 et
2544 1621 2706 1697 lore,
2769 1637 3030 1702 suosque

547 1725 852 1807 plenarios
895 1733 960 1790 et
1005 1723 1278 1809 integros
1324 1725 1578 1791 effectus
1623 1724 1830 1792 sortiri
1877 1727 1942 1791 et
1986 1724 2293 1802 obtinere,
2357 1743 2429 1791 ac
2489 1723 2706 1791 Ordini
2767 1724 2832 1790 et
2884 1723 3021 1790 Mo·

550 1827 763 1893 nachis
831 1828 1162 1911 praedictis
1221 1830 1284 1894 in
1342 1829 1627 1896 omnibus
1690 1831 1754 1896 et
1813 1848 1920 1913 per
1986 1828 2194 1894 omnia
2253 1828 2607 1912 plenissime
2664 1827 3027 1913 suffragari:

546 1932 755 2016 sicque
798 1931 878 1997 ab
922 1933 1207 2000 omnibus
1226 1935 1478 2001 censeri
1533 1936 1597 1999 et
1654 1933 1926 1999 iudicare
1971 1933 2229 2011 debere,
2300 1952 2372 1999 ac
2416 1934 2661 1999 irritum
2720 1935 2785 1998 et
2829 1933 3031 2010 inane,

546 2036 600 2102 si
644 2055 821 2103 secus
866 2055 1047 2121 super
1086 2037 1183 2102 bis
1229 2055 1267 2102 a
1308 2056 1614 2121 quoquam
1635 2087 1654 2116 ,
1729 2038 1944 2121 quavis
1987 2037 2359 2104 auctoritate
2403 2038 2670 2103 scienter
2708 2037 2807 2104 vel
2853 2038 3025 2122 igno·

550 2142 757 2207 ranter
821 2139 1152 2224 contigerit
1220 2141 1539 2208 atteuhri.
1676 2141 1735 2206 N
1738 2160 1816 2207 on
1887 2141 2280 2209 obstantibus
2350 2142 2907 2210 constitutionibus
2969 2144 3030 2208 et

548 2245 1057 2312 ordinationibus
1100 2245 1491 2330 Apostolicis,
1529 2245 1871 2329 ceterisque
1917 2247 2241 2313 contrariis
2278 2247 2783 2332 quibuscumque.

757 2349 989 2416 Datum
1073 2351 1304 2416 Romae
1384 2349 1546 2434 apud
1609 2348 1670 2416 S.
1748 2350 2003 2417 Petrum
2075 2353 2189 2419 sub
2255 2353 2442 2418 anulo
2524 2351 2856 2417 Piscatoris
2931 2351 3030 2416 die

550 2453 654 2522 30.
700 2453 853 2520 Iulii
897 2453 1082 2534 1902,
1137 2454 1541 2522 Pontificatus
1587 2455 1801 2522 Nostri
1843 2455 2022 2523 Anno
2068 2457 2170 2525 25.

756 2560 818 2627 L.
865 2561 911 2642 †
953 2560 1014 2627 S.
2179 2563 2261 2628 A.
2309 2560 2489 2629 card.
2535 2562 2823 2629 macchi.

660 2920 720 2986 3.
794 2920 1189 3005 Erziehung
1234 2921 1361 2989 der
1407 2920 1750 2989 Kleriker
1794 2921 1871 2987 in
1915 2920 2051 2987 den
2093 2916 2543 2988 SemInarien
2588 2915 2916 2985 Italicus.

753 3082 1051 3169 Obgleich
1095 3084 1548 3151 nachstebende
1589 3084 1936 3171 Encyklika
1980 3083 2153 3149 Leo’s
2182 3082 2360 3148 XIII.
2404 3101 2518 3146 nur
2561 3100 2640 3147 an
2685 3081 2803 3147 den
2852 3081 3027 3165 Epis-

546 3189 733 3273 kopat
777 3188 1068 3267 Italiens,
1139 3206 1228 3252 wo
1276 3188 1454 3253 keine
1498 3188 1961 3273 theologiscben
2006 3186 2382 3253 Fakultaten
2429 3206 2505 3251 au
2552 3185 2667 3251 den
2719 3186 3027 3254 Universi-

544 3296 717 3358 taten
762 3293 1089 3371 bestehen,
1158 3293 1468 3378 gerichtet
1512 3292 1627 3373 ist,
1705 3312 1772 3360 so
1830 3291 2247 3376 beansprucbt
2291 3291 2558 3358 dieselbe
2616 3291 2771 3357 doch
2823 3310 3030 3376 wegen

544 3396 709 3461 ihtes
754 3396 1177 3481 prinzipiellen
1225 3396 1466 3464 Inhalts
1507 3397 1604 3464 ein
1650 3397 1927 3464 weiteres
1972 3397 2308 3473 Interesse,
2357 3395 2630 3461 weshalb
2677 3395 2776 3460 ihr
2823 3396 3030 3462 Wort·

545 3499 677 3566 laut
724 3500 855 3566 hier
900 3501 1104 3586 folgen
1152 3509 1371 3587 moge:

1448 3641 1724 3709 LEONE
1768 3643 1894 3710 PP.
1944 3642 2118 3711 XIII.

842 3781 1199 3849 Venerabili
1242 3781 1534 3862 flatelli,
1579 3782 1782 3849 salute
1823 3783 1899 3850 ed
1945 3784 2287 3868 apostolica
2333 3784 2749 3852 benedizione.

752 3920 863 3986 Fin
924 3920 1026 3986 dal
1089 3920 1388 4004 principio
1432 3920 1531 3986 del
1575 3921 1805 3988 Nostro
1863 3922 2269 4002 pontificato,
2338 3922 2612 4008 ponendo
2659 3921 2777 3988 Noi
2828 3922 3031 3987 mente

541 4022 663 4089 alle
707 4024 881 4109 gravi
926 4023 1262 4090 condizioni
1294 4024 1460 4090 della
1503 4025 1753 4106 societa,
1804 4045 1925 4093 non
1954 4026 2302 4093 tardammo
2347 4046 2386 4091 a
2423 4027 2820 4107 riconoscere,
2862 4042 3031 4092 come

543 4147 661 4195 uno
722 4128 817 4194 dei
880 4126 985 4212 piri
1043 4128 1287 4213 urgenti
1349 4128 1555 4194 doveri
1604 4129 1754 4196 dell'
1815 4130 2166 4215 Apostolico
2227 4131 2434 4198 ufficio
2496 4131 2654 4198 losse
2717 4130 2924 4216 quello
2971 4128 3030 4193 di

540 4232 843 4315 rivolgere
900 4232 1340 4314 specialissime
1396 4251 1539 4298 cure
1595 4234 1724 4299 alla
1784 4234 2153 4303 educazione
2211 4235 2312 4301 del
2380 4236 2575 4303 clero.
2687 4234 3032 4302 Vedevamo

536 4335 749 4401 infatti
814 4336 928 4400 che
991 4336 1136 4419 ogni
1203 4336 1430 4402 Nostro
1487 4337 1896 4405 divisamento
1982 4339 2062 4404 ad
2125 4358 2374 4424 operare
2453 4340 2551 4406 nel
2619 4340 2840 4424 popolo
2907 4358 3027 4404 una

535 4439 990 4507 restaurazione
1034 4440 1098 4505 di
1139 4440 1269 4507 vita
1319 4441 1618 4508 cristiana
1662 4443 1919 4510 sarebbe
1963 4446 2208 4510 tornato
2253 4445 2477 4511 invano
2495 4493 2511 4524 ,
2580 4463 2692 4510 ove
2746 4445 2849 4510 nel
2895 4447 3029 4511 ceto

537 4542 949 4610 ecclesiastico
996 4563 1112 4610 non
1155 4545 1209 4611 si
1253 4546 1528 4613 seu-basse
1572 4547 1819 4631 integro
1862 4566 1895 4613 e
1942 4549 2221 4633 rigoroso
2264 4549 2323 4614 lo
2360 4548 2580 4634 spirito
2624 4548 3024 4615 sacerdotale.

536 4648 835 4713 Pet-tanto
883 4649 1003 4713 mai
1051 4667 1168 4714 non
1215 4668 1573 4730 cessammo,
1617 4651 1848 4735 quanto
1893 4669 1997 4717 era
2042 4651 2120 4717 da
2165 4652 2305 4731 Noi,
2355 4652 2417 4718 di
2465 4651 2884 4737 provvedervi,
2932 4654 3027 4718 sia
