3303 5013
1200 324 1334 377 und
1375 321 1933 392 Fmteoaetdunyen.
2697 307 2813 374 101

331 495 663 580 Episcopos
708 515 952 562 omnem
998 515 1244 580 operam
1295 495 1787 582 industriamque
1832 497 2184 581 impendere
2228 501 2300 567 ιιι
2332 499 2579 567 domum
2611 502 2672 567 in
2706 520 2820 568 sna

328 600 590 685 quisque
631 600 894 666 dioecesi
944 601 1204 680 habeat,
1252 601 1318 667 in
1361 619 1548 686 quam
1593 602 1892 670 tirunculi
1937 603 2204 670 militiae
2249 622 2460 671 sacrae
2502 626 2537 672 a
2584 607 2814 673 teneris

330 705 712 789 recipiantur
756 707 944 789 atque
988 706 1066 772 ad
1114 705 1278 772 vitae
1317 706 1789 773 sanctimoniam
1850 709 1913 773 et
1974 708 2050 775 ad
2116 708 2381 775 minores
2431 707 2818 795 maioresque

329 809 693 894 disciplinas
739 811 1092 877 formentur.
1162 810 1517 877 consultius
1560 813 1773 878 antem
1819 813 1942 878 erit
1979 812 2033 879 si
2079 812 2513 894 adolescentes,
2559 814 2665 899 qui
2710 816 2817 882 lit·

330 916 484 981 teris
529 915 817 995 student,
869 915 1011 982 aliis
1055 916 1315 983 utantur
1357 915 1647 994 aedibus3
1693 917 1835 982 aliis
1879 936 2018 983 vero
2061 917 2345 997 iuvenes,
2391 920 2532 1004 qni,
2574 920 2814 986 littera·

334 1039 468 1085 rum
515 1038 699 1086 cursu
744 1038 1009 1098 emenso,
1058 1020 1122 1087 in
1168 1020 1617 1106 philosophiam
1651 1039 1727 1088 ac
1756 1020 2134 1107 theologiam
2183 1023 2565 1090 incumbunt.
2632 1025 2817 1091 Utro-

335 1123 517 1207 bique
563 1124 772 1189 autem
819 1122 1054 1189 alumni
1107 1125 1400 1207 perpetuo
1454 1123 1720 1209 degant,
1795 1124 1992 1209 quoad
2060 1125 2434 1206 sacerdotio,
2496 1128 2550 1192 si
2610 1128 2816 1193 meriti

331 1227 580 1311 quidem
627 1228 874 1306 fuerint,
921 1228 1277 1306 initientur3
1326 1228 1498 1296 nulla
1541 1248 1832 1314 unquam,
1886 1229 1999 1297 nisi
2047 1249 2121 1296 ex
2158 1231 2335 1315 gravi
2365 1250 2572 1310 causa,
2620 1231 2817 1298 {acul-

330 1332 464 1398 tate
512 1331 677 1398 facta
723 1331 801 1397 ad
847 1351 989 1398 suos
1040 1331 1372 1400 remeandi.
1464 1331 1794 1399 Seminarii
1848 1333 2126 1418 regimen
2190 1334 2529 1419 Episcopus
2587 1337 2818 1419 optimo

330 1436 552 1520 cuique
596 1435 959 1516 demandet,
1017 1436 1147 1503 sive
1192 1456 1225 1504 e
1268 1438 1573 1504 saeculari
1615 1437 1780 1504 clero
1817 1437 1947 1505 sive
1993 1458 2026 1504 e
2070 1438 2372 1523 regulari,
2428 1439 2534 1523 qui
2580 1439 2819 1506 scilicet

335 1540 585 1624 regendi
659 1539 990 1624 prudentia
1057 1559 1293 1624 usuque
1367 1543 1638 1626 praestet
1704 1542 1990 1625 vitaeque
2055 1542 2396 1608 sanctitate
2461 1542 2817 1626 praecellat.

331 1646 504 1727 Quae
566 1647 772 1710 autem
842 1662 881 1710 a
938 1645 1134 1712 Nobis
1206 1645 1571 1729 Nostrisque
1633 1646 2072 1712 Decessoribns
2139 1664 2321 1730 saepe
2378 1649 2525 1711 sunt
2591 1646 2815 1726 edicta,

333 1750 578 1815 abunde
644 1749 865 1816 docent
929 1768 1049 1833 quo
1111 1750 1290 1833 pacto
1348 1767 1544 1834 quove
1604 1750 1785 1815 modo
1839 1750 1903 1815 in
1972 1750 2164 1816 sacris
2221 1750 2568 1816 seminariis
2611 1750 2819 1816 studia

332 1855 458 1921 sint
501 1852 857 1922 ordinanda.
948 1853 1160 1921 Sicubi
1213 1872 1354 1920 vero
1399 1851 1815 1920 Seminarium
1877 1855 2070 1933 desit,
2137 1855 2474 1940 Episcopus
2534 1856 2816 1921 alumnos

333 1956 629 2024 dioecesis
674 1976 822 2023 suae
864 1958 927 2024 in
973 1957 1335 2024 viciniorum
1380 1958 1749 2024 dioecesium
1782 1957 2143 2032 Semina-fis
2178 1959 2523 2026 educandos
2554 1960 2813 2027 curabit.

337 2061 527 2128 Nulla
569 2063 818 2147 insuper
874 2063 1110 2130 ratione
1171 2062 1542 2148 permittant
1599 2063 1878 2147 Episcopi
1940 2066 2016 2130 nt
2067 2064 2395 2134 Seminarii
2461 2063 2646 2130 aedes
2702 2063 2816 2129 ulli

335 2168 606 2250 pateant,
652 2167 769 2233 nisi
809 2168 887 2234 iis
932 2167 1425 2234 adolescentibus
1465 2168 1573 2252 qui
1617 2186 1788 2252 spem
1834 2167 2098 2235 afferant
2136 2187 2271 2237 sam
2316 2169 2444 2235 Deo
2472 2188 2582 2253 per
2612 2187 2818 2235 sacros

334 2270 575 2337 ordines
617 2272 1024 2355 mancipandi.
1095 2272 1213 2355 Qui
1259 2290 1401 2338 vero
1447 2271 1525 2338 ad
1570 2272 1778 2339 civilia
1823 2273 2037 2340 munia
2082 2273 2330 2340 institui
2363 2274 2585 2353 volent,
2638 2273 2814 2352 alias,

334 2375 385 2439 si
421 2394 522 2441 res
561 2376 794 2456 sinunt,
842 2377 1165 2444 obtineant
1207 2377 1408 2457 aedes,
1455 2396 1612 2462 quae
1659 2378 1974 2444 convictus
2014 2379 2111 2444 vel
2149 2378 2412 2465 collegia
2450 2377 2821 2462 episcopalia

335 2482 782 2563 nuncupentur.
847 2481 1013 2548 Illud
1056 2481 1319 2567 denique
1362 2481 1699 2548 cavendum
1746 2500 2148 2568 summopere,
2195 2502 2266 2551 ex
2310 2482 2592 2568 Apostoli
2639 2501 2816 2567 prae-

336 2586 530 2669 cepto,
578 2605 651 2651 ne
696 2587 964 2672 cuipiam
1014 2588 1298 2672 Episcopi
1343 2588 1465 2654 cito
1510 2606 1728 2654 manus
1772 2587 2124 2671 imponant;
2172 2588 2277 2654 sed
2324 2607 2425 2654 eos
2455 2590 2704 2654 tantum
2738 2588 2817 2654 ad

336 2708 510 2756 sacra
552 2691 818 2759 evehant
862 2692 1172 2778 sacrisque
1215 2692 1565 2759 tractandis
1606 2692 1946 2759 adhibeant
1983 2694 2086 2778 qui
2123 2694 2457 2777 diligenter
2493 2692 2815 2775 explorati,

337 2793 665 2880 debitaque
710 2796 970 2863 scientia
1013 2815 1086 2864 ac
1133 2797 1365 2863 virtute
1409 2796 1658 2876 exculti,
1705 2798 2063 2863 ornamento
2095 2797 2356 2863 dioecesi
2394 2796 2651 2881 usuique
2683 2814 2819 2861 esse

337 2898 591 2981 possint.
661 2900 710 2964 E
750 2900 1076 2966 seminario
1120 2902 1330 2967 autem
1378 2917 1657 2985 egressos
1705 2919 1780 2965 ne
1824 2900 1942 2967 sibi
1989 2900 2354 2984 permittant
2394 2901 2669 2985 penitus;
2713 2899 2819 2966 sed

337 3006 405 3067 ut
444 3004 646 3070 vitent
687 3003 814 3069 otia
874 3023 982 3070 nec
1041 3023 1355 3071 sacrarum
1410 3004 1811 3073 scientiarum
1872 3003 2085 3070 studia
2143 3004 2606 3085 intermittant,
2671 3024 2817 3071 con·

334 3106 540 3173 silium
600 3109 696 3174 est
752 3126 938 3193 quam
1000 3109 1302 3192 optimum
1369 3109 1545 3186 illoS,
1611 3109 2027 3193 quinquennio
2095 3109 2317 3175 saltem
2380 3129 2417 3174 a
2480 3109 2820 3177 sacerdotio

337 3215 651 3297 suscepto,
713 3213 988 3297 periculo
1048 3214 1378 3298 quotannis
1436 3214 1737 3280 subiicere
1802 3213 1876 3280 de
1933 3233 1998 3279 re
2045 3214 2400 3299 dogmatica
2444 3216 2507 3280 et
2552 3233 2812 3292 morum,

337 3336 538 3384 coram
601 3318 801 3385 doctis
857 3318 1268 3403 gravibusque
1327 3319 1474 3385 viris
1525 3318 1828 3385 faciendo.
1919 3318 2079 3401 Quia
2141 3338 2278 3385 vero
2342 3319 2524 3386 aedes
2592 3320 2819 3386 Romae

337 3424 551 3504 patent
596 3422 788 3488 etiam
833 3422 1155 3489 iuvenibus
1200 3442 1233 3488 e
1280 3421 1649 3507 Philippinis
1695 3423 1915 3489 insulis
1955 3422 2060 3507 qni
2108 3422 2446 3490 maioribus
2478 3423 2820 3508 disciplinis

339 3527 483 3594 dare
525 3546 776 3613 operam
831 3527 1062 3607 velint,
1128 3528 1484 3613 pergratum
1555 3527 1749 3594 Nobis
1815 3526 2055 3593 eveniet
2115 3526 2168 3592 si
2226 3528 2512 3613 Episcopi
2553 3527 2820 3594 delectos

340 3632 595 3698 subinde
635 3631 1057 3698 adolescentes
1103 3631 1224 3699 huc
1270 3630 1559 3708 mittent,
1623 3631 1731 3715 qni
1789 3630 2106 3714 religionis
2151 3632 2509 3711 scientiam,
2565 3633 2630 3698 in
2689 3633 2821 3716 ipso

342 3735 618 3802 veritatis
659 3736 869 3802 centro
915 3735 1283 3820 acquisitam
1303 3784 1319 3813 ‚
1383 3754 1523 3801 cum
1586 3734 1716 3800 suis
1782 3734 2001 3801 deinde
2062 3735 2299 3802 civibus
2356 3736 2597 3802 utiliter
2649 3754 2819 3802 com-

342 3840 673 3909 municent.
761 3838 991 3906 Sancta
1035 3841 1244 3905 autem
1284 3839 1439 3906 haec
1486 3838 1673 3905 Sedes
1723 3858 1832 3923 pro
1878 3857 1991 3904 sua
2048 3840 2224 3923 parte
2282 3839 2530 3905 curabit
2603 3856 2821 3923 oppor-

343 3945 508 4009 tunis
545 3944 743 4010 modis
776 3944 852 4008 ad
885 3945 1182 4027 potiorem
1230 3944 1538 4011 culturam
1574 3943 2014 4027 melioremque
2041 3944 2524 4011 ecclesiasticam
2559 3943 2819 4010 sormam

344 4047 566 4113 clerum
616 4048 994 4115 saecularem
1041 4048 1371 4132 provehere
1424 4047 1517 4113 ita
1562 4047 1632 4112 nt
1676 4050 1821 4132 apto
1870 4049 2147 4131 tempore
2189 4048 2527 4131 reperiatur
2568 4047 2823 4114 idonens

342 4151 444 4235 qui
486 4152 635 4218 cleri
677 4151 981 4236 regularis
1024 4155 1232 4236 partes
1272 4152 1336 4218 in
1385 4153 1714 4237 pastoralis
1745 4152 2018 4218 muneris
2050 4153 2473 4237 procuratione
2505 4152 2821 4236 suscipiat.

548 4255 689 4322 VH.
747 4292 824 4303 —
885 4255 984 4323 De
1029 4257 1362 4341 Reliyiosa
1405 4277 1756 4342 puerorum
1813 4256 2161 4323 eruditione
2228 4257 2424 4341 deque
2469 4258 2825 4325 Manilana

343 4361 690 4427 stadiorum
744 4361 1177 4430 Universaate.
1233 4397 1297 4408 -
1351 4361 1582 4426 Verum
1628 4380 1746 4427 non
1796 4360 1873 4424 ad
1919 4360 2336 4426 ecclesiastica
2376 4361 2579 4426 solnm
2625 4361 2812 4425 semi·

345 4465 515 4530 naria
557 4463 992 4549 Episcoporum
1041 4464 1375 4531 industrias
1418 4466 1700 4550 spectare
1759 4465 2034 4548 oportet:
2097 4463 2517 4531 adolescentes
2577 4465 2738 4535 euim
2790 4482 2824 4530 e

347 4565 636 4635 laicorum
677 4569 921 4649 ordine,
965 4570 1073 4653 qui
1117 4567 1360 4634 scholas
1405 4569 1562 4635 alias
1612 4568 1965 4647 celebrant,
2029 4588 2239 4636 eorum
2296 4569 2485 4633 etiam
2549 4568 2714 4633 curis
2760 4568 2824 4631 et

351 4673 763 4753 providentiae
808 4672 1283 4740 demandantur.
1376 4674 1487 4740 Est
1533 4673 1727 4758 igitur
1770 4672 2144 4738 Antistitum
2191 4690 2503 4738 sacrorum
2551 4671 2821 4735 officium
