3303 5013
470 282 602 350 684
1315 300 1665 359 Kirchliche
1702 300 2109 359 Ammtacke

467 474 701 542 Nostra
746 474 831 541 sit
873 474 1063 541 animi
1109 492 1283 541 mens
1326 474 1540 543 rimari
1588 474 1867 544 nitantur
1911 478 2098 561 atque
2153 475 2231 542 ad
2276 475 2554 541 terrenos
2617 493 2766 540 usus
2812 495 2957 558 par-

469 580 748 665 tiumque
793 579 1003 646 studia
1033 580 1413 664 detorquere.
1507 580 1621 647 His
1669 584 1743 647 ut
1784 581 2028 647 inanem
2074 599 2241 665 spem
2291 579 2739 663 praecidamus,
2786 581 2956 646 omni

468 684 920 751 asseveratione
966 683 1351 752 affirmamus
1398 684 1555 751 nihil
1598 685 1755 751 velle
1790 686 1920 752 Nos
1968 704 2119 763 esse,
2169 684 2344 764 nihil,
2408 684 2755 767 opitulante
2803 683 2953 759 Deo,

468 789 631 874 apud
676 789 1189 855 consociationem
1236 789 1555 856 bominum
1596 790 1859 869 futuros,
1921 789 2041 855 nisi
2092 790 2227 868 Dei,
2288 789 2463 855 cuius
2511 788 2746 854 utimur
2806 808 2955 855 auc-

466 894 742 972 toritate,
777 893 1196 963 administros.
1291 893 1585 961 Rationes
1615 895 1736 961 Dei
1765 895 2034 961 rationes
2064 894 2333 960 Nostrae
2362 895 2543 962 sunt:
2593 912 2700 978 pro
2728 894 2955 978 quibus

468 998 627 1064 vires
672 1017 883 1066 omnes
929 998 1242 1084 vitamque
1301 999 1500 1083 ipsam
1561 999 1856 1066 devovere
1917 999 2230 1065 decretum
2289 1000 2406 1065 est.
2498 997 2672 1064 Uude
2733 998 2785 1062 si
2845 997 2952 1082 qui

467 1103 811 1189 symbolum
862 1124 901 1170 a
942 1103 1139 1171 Nobis
1186 1105 1496 1189 expetant,
1542 1104 1705 1188 quod
1751 1104 2133 1170 voluntatem
2180 1103 2369 1169 animi
2420 1102 2791 1186 patefaciat3
2839 1102 2954 1169 hoc

467 1226 658 1274 unum
701 1207 989 1275 dabimus
1026 1227 1292 1293 semper:
1338 1209 1717 1275 Instant-are
1759 1210 1970 1275 omnia
2018 1213 2088 1274 in
2133 1208 2425 1275 Ghrssto!

674 1320 807 1403 Quo
851 1320 1099 1405 quidem
1158 1321 1222 1385 in
1270 1321 1582 1405 praeclaro
1648 1340 1828 1406 opere
1886 1322 2271 1405 suscipiendo
2332 1321 2726 1406 urgendoque
2795 1321 2950 1385 illud

468 1424 686 1505 Nobis,
734 1425 1121 1492 Venerabilis
1165 1424 1432 1507 Fratres,
1482 1426 1869 1492 alacritatem
1919 1426 2102 1492 affert
2144 1446 2470 1505 summam,
2518 1425 2678 1510 quod
2711 1429 2953 1492 certum

472 1529 769 1595 babemus
813 1531 941 1596 iore
987 1549 1093 1596 vos
1121 1549 1331 1595 omnes
1365 1534 1649 1598 strenuos
1695 1530 1773 1596 ad
1819 1531 2251 1614 perficiendam
2299 1550 2429 1597 rem
2477 1531 2808 1597 adiutores.
2879 1530 2953 1596 Id

467 1633 631 1700 enim
677 1634 730 1699 si
765 1633 1135 1712 dubitemus,
1181 1635 1430 1720 ignaros
1463 1654 1589 1713 vos,
1637 1654 1755 1701 non
1787 1653 1936 1701 sane
1973 1636 2125 1714 iure,
2175 1638 2293 1701 aut
2331 1636 2720 1720 negligentes
2764 1637 2953 1719 puta-

464 1738 734 1806 verimus
780 1738 998 1804 nefarii
1041 1739 1209 1804 illius
1253 1739 1422 1819 belli,
1469 1740 1631 1823 quod
1679 1758 1856 1816 nunc,
1905 1740 2093 1805 ferme
2140 1741 2386 1825 ubique,
2429 1742 2805 1807 commotum
2855 1744 2955 1804 est

466 1846 653 1928 atque
698 1843 889 1909 alitur
934 1843 1224 1909 adversus
1269 1844 1491 1910 Deum.
1585 1844 1745 1910 Vere
1798 1863 2062 1930 namque
2105 1844 2170 1910 in
2220 1846 2550 1913 Auctorem
2597 1864 2778 1909 suum
2817 1845 2950 1926 fre-

464 1955 758 2016 muerunt
794 1954 1004 2032 yentcs
1046 1955 1103 2015 et
1142 1950 1361 2033 populi
1401 1949 1693 2016 meditati
1731 1955 1878 2016 sunt
1918 1949 2150 2016 inania
2172 1953 2259 2032 ¹);
2317 1953 2389 2014 ut
2431 1948 2777 2017 communis
2824 1947 2955 2016 fere

465 2071 538 2120 ea
581 2072 693 2119 vox
738 2052 823 2118 sit
869 2053 1328 2119 adversantium
1379 2054 1541 2120 Deo:
1589 2055 1836 2121 Recede
1879 2076 1921 2120 a
1964 2055 2146 2121 nobis
2163 2056 2236 2139 2).
2312 2053 2475 2120 Hinc
2515 2055 2790 2119 extincta
2820 2072 2953 2119 om·

469 2157 611 2224 nino
664 2157 727 2222 in
774 2157 1082 2241 plerisque
1143 2157 1380 2224 aeterni
1440 2158 1551 2225 Dei
1613 2158 1989 2237 reverentia,
2055 2157 2345 2243 nullaque
2407 2157 2622 2224 habita
2679 2158 2742 2222 in
2804 2176 2947 2224 con·

465 2260 792 2329 suetudine
836 2261 1033 2340 vitae,
1091 2261 1339 2347 publice
1392 2281 1464 2328 ac
1508 2261 1834 2346 privatim,
1897 2262 2168 2347 supremi
2227 2264 2361 2330 eius
2422 2261 2692 2329 numinis
2753 2263 2951 2339 ratio;

462 2367 612 2451 quin
657 2365 810 2433 totis
856 2367 1057 2433 nervis
1097 2366 1489 2433 contenditur
1533 2367 1821 2452 omnique
1867 2366 2148 2446 artificio,
2191 2370 2263 2433 ut
2301 2367 2399 2433 vel
2439 2367 2575 2451 ipsa
2603 2367 2951 2433 recordatio

467 2470 579 2538 Dei
624 2472 811 2556 atque
859 2472 1025 2539 notio
1069 2471 1335 2539 intereat
1378 2471 1642 2556 penitus.

671 2585 841 2651 Haec
878 2584 1152 2670 profecto
1193 2586 1298 2670 qui
1343 2587 1611 2671 reputet,
1659 2586 1714 2651 is
1758 2586 1938 2671 plane
1982 2589 2228 2652 metuat
2266 2604 2512 2653 necesse
2556 2588 2655 2653 est
2699 2605 2776 2651 ne
2815 2604 2953 2652 ma-

464 2688 662 2756 lorum
686 2738 702 2768 ,
744 2708 904 2774 quae
948 2708 1233 2774 supremo
1279 2693 1554 2776 tempore
1599 2694 1748 2756 sunt
1787 2690 2198 2775 expectanda,
2246 2690 2331 2755 sit
2377 2691 2748 2775 perversitas
2796 2692 2948 2756 baec

461 2793 807 2861 animorum
852 2793 1258 2861 libamentum
1304 2795 1610 2879 quoddam
1658 2814 1733 2862 ac
1779 2795 1970 2862 veluti
2007 2795 2359 2875 exordium3
2408 2814 2558 2862 neve
2582 2795 2762 2879 filius
2789 2816 2944 2879 per·

460 2898 740 2981 ditionis,
785 2898 859 2965 de
901 2918 1022 2983 quo
1068 2900 1399 2983 Apostolus
1444 2896 1721 2984 loquitur
1735 2903 1819 2986 ⁸),
1885 2901 2011 2967 iam
2073 2899 2133 2965 in
2197 2899 2363 2966 hisce
2417 2900 2601 2966 terris
2646 2903 2947 2966 versetur.

463 3003 666 3069 Tanta
711 3003 950 3071 scilicet
990 3002 1285 3083 andacia,
1347 3024 1418 3071 eo
1478 3007 1681 3071 lurore
1727 3005 2043 3099 religionis
2085 3005 2287 3089 pietas
2328 3005 2554 3089 ubique
2600 3005 2945 3089 impetitur,

461 3107 771 3175 revelatae
829 3108 970 3174 fidei
1038 3109 1406 3175 documenta
1466 3112 1937 3195 oppugnantur,
2006 3129 2286 3195 quaeque
2348 3110 2583 3176 homini
2630 3129 2770 3174 cum
2821 3109 2949 3176 Deo

461 3211 666 3279 officia
721 3212 1116 3279 intercedunt
1173 3213 1410 3281 tollere·
1448 3213 1654 3281 delere
1698 3234 1946 3299 prorsus
1985 3215 2329 3299 praefracte
2369 3213 2806 3281 contenditur!
2896 3214 2950 3280 E

462 3321 710 3398 contra,
758 3336 913 3403 quae
936 3367 952 3397 ,
998 3319 1333 3385 secundum
1380 3320 1753 3403 Apostolum
1798 3320 2095 3397 eundem,
2141 3320 2388 3404 propria
2433 3324 2528 3385 est
2568 3319 2953 3388 Ant-’christi

461 3425 629 3502 nota,
679 3423 862 3489 homo
905 3423 1055 3507 ipse,
1101 3424 1455 3492 temeritate
1499 3443 1764 3503 summa,
1829 3425 1892 3490 in
1940 3424 2056 3491 Dei
2104 3424 2304 3491 locum
2351 3424 2599 3504 invasit,
2648 3424 2950 3491 extollens

459 3546 525 3596 se
568 3548 773 3612 supra
815 3549 993 3597 omne
1033 3530 1203 3614 quod
1244 3531 1484 3597 dicitur
1540 3532 1760 3611 Deus3
1825 3548 2018 3615 usque
2088 3530 2242 3596 adeo
2312 3530 2415 3609 ut,
2485 3528 2767 3614 quamvis
2833 3529 2949 3597 Dei

460 3633 750 3701 notitiam
811 3633 1170 3719 extinguere
1230 3634 1476 3719 penitus
1530 3635 1591 3699 in
1655 3654 1720 3702 se
1777 3636 2074 3720 nequeat,
2149 3635 2296 3702 Eius
2352 3637 2562 3701 tamen
2621 3635 2950 3701 maiestate

459 3739 726 3820 reiecta,
790 3738 1230 3824 aspectabilem
1296 3740 1459 3806 hunc
1501 3740 1801 3806 mundum
1847 3740 1966 3807 sibi
2011 3740 2143 3825 ipse
2191 3739 2382 3806 veluti
2429 3740 2735 3825 templum
2774 3739 2947 3807 dedi·

458 3843 694 3910 caverit
744 3863 782 3909 a
834 3843 1059 3911 ceteris
1123 3843 1490 3911 adorandus.
1577 3845 1668 3913 In
1724 3846 1948 3929 templo
2000 3847 2134 3914 Dei
2192 3846 2436 3925 sedeat,
2482 3846 2829 3932 :ostendens
2880 3867 2950 3913 sc

457 3955 776 4032 tamquam
820 3952 905 4015 sit
948 3948 1126 4016 Deus
1141 3950 1215 4035 ⁴).

665 4061 993 4131 Enimvero
1035 4061 1151 4129 hoc
1195 4062 1489 4131 adversus
1550 4065 1754 4133 Deum
1816 4064 2198 4143 mortaliumJ
2230 4065 2541 4132 certamen
2601 4083 2727 4147 qua
2780 4066 2948 4132 sorte

456 4168 767 4251 pugnetur
808 4167 1021 4233 nullus
1065 4172 1161 4234 est
1206 4186 1391 4235 sanae
1418 4169 1643 4236 mentis
1674 4171 1778 4255 qui
1811 4170 2111 4253 ambigat.
2170 4169 2370 4235 Datur
2399 4168 2944 4255 quidemjbomini,

455 4272 746 4339 libertate
791 4290 904 4338 sua
943 4273 1265 4352 abutenti,
1326 4293 1530 4339 rerum
1588 4274 1863 4340 omniurn
1927 4274 2275 4342 conditoris
2342 4276 2438 4340 ius
2484 4276 2943 4359 atque]numen

454 4377 718 4454 violare;
769 4379 1167 4443 veruntamen
1215 4378 1477 4445 victoria
1507 4399 1545 4445 a
1574 4380 1707 4446 Deo
1737 4398 1978 4463 semper
2007 4381 2174 4445 stat:
2221 4378 2368 4463 quin
2415 4377 2776 4466 etiamjtum
2813 4399 2949 4463 pro·

456 4482 590 4565 pior
618 4480 824 4547 clades
855 4481 1161 4561 imminet,
1207 4502 1396 4566 quum
1430 4483 1629 4564 homo,
1681 4485 1743 4548 in
1775 4503 1880 4568 spe
1911 4484 2233 4568 triumphi,
2273 4484 2546 4570 insurgit
2574 4484 2945 4552 audientior.

1017 4627 1075 4642 -··=·

667 4691 717 4759 1)
757 4691 1017 4756 1³0.11,1.
1061 4722 1124 4733 -
1159 4694 1214 4762 a)
1245 4693 1342 4748 Iob
1389 4694 1538 4759 xm,
1569 4696 1649 4750 14.
1674 4725 1741 4735 -
1767 4696 1822 4762 3)
1852 4695 2303 4763 11'1’11m.11‚a
2331 4725 2399 4738 -
2422 4698 2480 4768 4)
2505 4696 2555 4753 11
2579 4696 2766 4753 Thess.
2792 4698 2867 4766 11,
2890 4698 2943 4754 a.
