3303 5013
1177 335 1307 402 und
1342 333 1902 420 Enlscheidsmym.
2698 318 2781 398 99

500 514 586 584 11.
649 554 727 566 --
785 517 888 585 De
929 517 1338 603 Metropolim
1394 520 1588 603 deque
1632 518 2069 606 Suffrayaneis
2113 521 2467 607 Episcopis.
2523 559 2595 570 —
2649 522 2780 590 Me-

297 621 647 705 tropolitani
691 621 896 700 titulo,
953 622 1062 705 qui
1105 623 1401 706 potiatur,
1457 624 1523 688 in
1567 623 1937 708 Philippinis
1979 625 2205 691 [usulis
2251 646 2408 693 uuus
2455 629 2604 705 est0,
2656 628 2774 692 Ar·

297 725 715 810 cbiepiscopus
764 725 1151 804 Manilanus3
1199 727 1517 812 episcopos
1561 729 1815 808 ceteros,
1862 731 1997 794 tum
2041 730 2148 813 qui
2177 731 2468 814 antiquas
2498 731 2781 798 obtinent

293 831 467 896 sedes
530 834 663 895 tum
727 831 832 914 qui
894 850 1099 897 recens
1153 832 1479 898 institutas
1545 833 1878 912 tenebunt,
1942 833 2141 899 eidem
2204 835 2455 901 subesse
2514 838 2777 920 oportet,

291 936 663 1022 suffraganei
727 935 931 1001 officio
990 939 1177 1019 atque
1237 937 1499 1004 nomine.
1589 935 1830 1018 Quibus
1886 955 2027 1002 vero
2086 937 2324 1003 iuribus
2386 940 2780 1024 Metropolita

292 1040 535 1104 fruatur
579 1040 922 1123 quibusque
967 1039 1202 1123 polleat
1246 1039 1622 1119 muneribus,
1671 1028 2124 1107 ecclesiasticae
2168 1042 2357 1126 leges,
2404 1061 2560 1127 quae
2600 1043 2779 1109 modo

292 1144 525 1229 vigent,
570 1143 839 1211 edicunt.
928 1142 1098 1225 Quas
1142 1143 1388 1228 quidem
1439 1144 1583 1209 dum
1632 1144 1801 1230 leges
1844 1144 2140 1211 inviolate
2183 1147 2415 1212 servari
2475 1148 2778 1227 volumus,

288 1248 573 1313 volumus
617 1249 803 1316 etiam
853 1248 1314 1332 Metropolitam
1358 1249 1521 1314 inter
1557 1251 1622 1314 et
1667 1248 2088 1333 suffraganeos
2132 1250 2380 1335 integra
2430 1270 2560 1318 esse
2602 1271 2770 1318 sem-

287 1372 395 1437 per
441 1356 696 1419 sanctae
741 1353 1054 1419 amicitiae
1093 1355 1158 1419 et
1201 1352 1484 1419 caritatis
1536 1353 1801 1432 vincula,
1847 1372 2040 1437 eaque
2077 1354 2297 1421 officiis
2328 1355 2582 1435 mutuis,
2630 1375 2775 1422 con-

285 1457 567 1524 siliorum
616 1457 1171 1523 communicatione
1211 1458 1396 1542 atque
1441 1457 1891 1541 episcopalibus
1936 1459 2300 1541 praesertim
2348 1459 2625 1527 coetibus
2662 1480 2774 1545 pro

285 1563 559 1629 locorum
618 1561 966 1628 intervallis
1034 1561 1415 1646 frequentius
1476 1561 1767 1648 agendis,
1834 1563 2068 1629 arctius
2123 1564 2185 1628 in
2241 1564 2373 1630 dies
2433 1564 2671 1630 firmari
2713 1568 2777 1631 et

283 1668 616 1753 obstringi.
732 1667 1141 1733 Maximamm
1217 1666 1377 1734 euim
1451 1667 1800 1732 utilitatum
1869 1686 2088 1750 parens
2152 1670 2248 1733 est
2315 1670 2501 1753 atque
2568 1671 2776 1736 custos

283 1772 632 1838 animorum
681 1770 1028 1838 concordia.

494 1876 610 1945 111.
657 1916 744 1927 -—
792 1876 891 1944 De
936 1877 1225 1961 Capitale
1270 1876 1762 1959 Metropolitum
1834 1877 2031 1961 deque
2082 1876 2399 1959 capitulis
2442 1877 2771 1945 Ecclesia-

279 2003 423 2048 rum
471 1982 1045 2067 suffraganearum.
1117 2021 1189 2032 —
1259 1979 1709 2047 canonicorum
1769 1980 2029 2066 collegio
2089 1981 2403 2048 honestari
2461 1982 2771 2048 Ecclesiae

278 2087 803 2170 metropolitanae
872 2086 1058 2152 decus
1124 2088 1188 2152 et
1263 2086 1554 2170 splendor
1621 2085 1913 2169 postulat.
2021 2085 2191 2168 Quae
2255 2105 2396 2152 vero
2462 2086 2771 2169 stipendia

278 2190 611 2259 Canonicis
643 2192 930 2276 siugulis,
971 2192 1176 2276 elapso
1205 2192 1502 2274 tempore,
1533 2190 1611 2255 ab
1644 2191 1903 2273 hispano
1936 2189 2236 2274 regimine
2271 2191 2770 2271 numerabantur,

279 2296 443 2363 unde
505 2297 571 2361 iu
632 2298 940 2380 posterum
995 2295 1122 2379 peti
1181 2295 1480 2375 debeant,
1559 2295 1897 2380 Delegatus
1954 2294 2343 2379 Apostolicus
2407 2295 2641 2362 videbit
2701 2316 2772 2363 ac

281 2404 604 2487 suggeret.
670 2400 842 2485 Quod
889 2400 961 2480 si,
1009 2398 1363 2467 reddituum
1411 2398 1772 2485 exiguitate,
1820 2418 2109 2465 numerus
2154 2397 2622 2479 Canonicorum‚
2666 2401 2772 2484 qui

278 2508 487 2573 adbuc
532 2505 689 2584 fuit,
752 2505 982 2572 servari
1030 2504 1195 2571 baud
1242 2504 1545 2589 quiverit,
1599 2504 1689 2570 sic
1735 2502 1814 2569 ad
1856 2504 2170 2589 pauciores
2207 2504 2627 2586 contrahatur,
2680 2508 2771 2585 ut,

277 2613 539 2678 minime
584 2611 906 2677 subductis
949 2611 1029 2676 iis
1067 2610 1173 2694 qui
1218 2609 1595 2695 dignitatum
1643 2609 1890 2676 nomine
1937 2609 2210 2689 veniunt,
2260 2609 2338 2675 ad
2384 2608 2594 2676 decem
2636 2610 2765 2675 sal-

274 2720 404 2783 tem
453 2717 841 2783 censeantur.
919 2713 1433 2799 Arcbiepiscopus
1478 2717 1690 2780 autem
1736 2715 1871 2779 tum
1910 2712 2250 2798 dignitates
2298 2714 2498 2780 dictas
2541 2716 2606 2779 et
2651 2713 2768 2780 Ca-

273 2822 625 2900 nonicatus,
672 2823 805 2885 tum
853 2821 1156 2899 universa,
1205 2838 1363 2903 quae
1407 2819 1469 2884 in
1514 2818 1794 2884 Ecclesia
1838 2818 2320 2903 Metropolitaua
2360 2824 2526 2898 sunt,
2577 2819 2766 2885 bene·
2835 2866 2839 2871 ,

271 2927 415 2994 licia
462 2925 643 3011 privo
686 2925 999 3008 liberoque
1043 2923 1176 2990 iure
1228 2923 1536 2993 conferet:
1604 2923 1683 2988 iis
1748 2922 1997 3007 quidem
2070 2922 2372 3006 exceptis,
2439 2941 2599 3007 quae
2669 2923 2767 2990 vel

270 3031 593 3098 communi
639 3030 796 3115 lege,
845 3028 989 3096 Sedi
1039 3029 1429 3113 Apostolicae
1460 3030 1867 3106 reservantur,
1908 3028 2005 3094 vel
2035 3027 2098 3092 in
2132 3027 2401 3094 cuiusvis
2433 3029 2766 3112 patronatu

269 3139 456 3217 sunt,
520 3135 620 3201 vel
679 3153 1008 3201 concursus
1062 3133 1410 3200 conditione
1469 3133 1962 3218 obstringuntur.
2052 3132 2128 3199 Iu
2175 3132 2394 3198 ceteris
2443 3150 2617 3216 porro
2663 3150 2765 3197 ca·

270 3240 671 3307 tbedralibus
715 3238 963 3323 templis
1008 3237 1300 3304 constitui
1349 3237 1794 3304 canonicorum
1841 3237 2109 3322 collegia
2153 3236 2550 3304 vehementer
2591 3239 2766 3321 opta·

271 3364 430 3414 mus.
527 3342 703 3425 Quod
765 3342 1062 3427 quamdiu
1124 3341 1329 3427 perfici
1397 3342 1560 3408 baud
1624 3342 1888 3426 poterit,
1960 3340 2242 3426 Episcopi
2300 3341 2463 3407 viros
2508 3340 2764 3425 aliquot,

267 3451 541 3535 pietate,
589 3449 879 3526 scientia,
927 3446 1332 3533 gerendarum
1375 3466 1581 3514 rerum
1630 3466 1747 3513 usu
1789 3446 2182 3530 conspicuos,
2232 3465 2265 3512 e
2310 3446 2562 3530 gemino
2608 3446 2769 3513 clero

266 3554 568 3632 delectos,
609 3551 1004 3619 consultores
1051 3551 1339 3631 babeant,
1384 3552 1585 3635 prouti
1633 3551 1874 3618 scilicet
1918 3551 1978 3616 in
2027 3550 2408 3617 dioecesibus
2440 3551 2600 3627 aliis,
2649 3550 2769 3617 Oa-

267 3659 636 3725 nouicorum
684 3660 860 3724 coetu
899 3656 1189 3723 similiter
1233 3657 1606 3724 carentibus.
1657 3656 1751 3723 Ne
1799 3674 1940 3722 vero
1971 3655 2271 3721 eiusmodi
2308 3654 2767 3722 cathedralibus

267 3764 569 3842 aedibus,
630 3781 787 3847 quae
836 3762 1121 3847 Capitulo
1167 3764 1414 3840 carent,
1472 3760 1865 3828 sollemnium
1923 3779 2233 3827 sacrorum
2279 3759 2558 3845 dignitas
2603 3759 2763 3826 desi-

265 3868 549 3944 deretur,
595 3866 1008 3946 Consultores,
1048 3885 1199 3950 qnos
1234 3867 1411 3933 modo
1441 3866 1728 3943 diximus,
1763 3865 2061 3949 Episcopo
2093 3865 2373 3949 operanti
2406 3864 2764 3932 adstabuut.

265 3971 388 4054 Qui
440 3972 498 4037 si
545 3972 780 4038 ratione
826 3971 1035 4056 aliqua
1080 3971 1571 4056 praepediantur,
1636 3970 1972 4055 Episcopus
2025 3967 2178 4035 alios
2241 3989 2274 4034 e
2334 3969 2496 4036 clero
2541 3970 2765 4049 cetero,

266 4078 400 4143 tam
450 4077 759 4143 saeculari
805 4095 991 4160 quam
1038 4076 1326 4160 regulari,
1375 4076 1689 4162 digniores
1734 4073 2026 4143 sufficiet.

482 4181 595 4247 IV.
641 4216 718 4228 —
765 4181 869 4249 De
904 4182 1047 4249 sede
1088 4187 1351 4249 vacante
1393 4181 1466 4247 in
1511 4180 1917 4248 Dioecesibus
1961 4178 2410 4263 suffraganeis.
2452 4216 2523 4226 -
2578 4178 2760 4244 Dioe·

262 4287 422 4351 cesis
470 4285 866 4370 suffraganea
909 4286 1195 4369 quaevis,
1254 4284 1529 4370 Collegio
1575 4284 2020 4351 Canonicornm
2065 4302 2309 4366 expers,
2358 4283 2409 4349 si
2464 4283 2759 4367 Episcopo

262 4390 474 4456 orbari
524 4389 886 4473 contigerit,
934 4409 1068 4454 eam
1117 4389 1516 4474 Metropolita
1559 4388 2119 4455 administrandam
2169 4389 2499 4471 suscipiet:
2548 4386 2654 4471 qui
2708 4386 2762 4452 si

260 4494 497 4575 deerit,
548 4493 962 4578 propinquiori
1005 4494 1298 4579 Episcopo
1347 4494 1697 4578 procuratio
1740 4492 2057 4572 obveniet,
2118 4511 2192 4558 ea
2236 4495 2447 4558 tamen
2496 4490 2631 4575 lege
2682 4493 2754 4554 ut

264 4597 555 4667 vicarius
618 4598 1076 4682 quamprimum
1140 4600 1432 4685 eligatur.
1557 4600 1807 4666 Interea
1875 4616 2014 4664 vero
2082 4596 2385 4663 demortui
2461 4594 2748 4678 Episcopi

274 4703 570 4772 Vicarius
615 4701 927 4789 generalis
967 4703 1291 4772 dioecesim
1339 4704 1709 4771 moderetur.
2524 4798 2557 4837 ¹.

2467 4801 2503 4867 7
