3303 5013
570 316 692 382 104
1407 327 1756 386 xer-omme
1797 293 2202 387 nemeaea&

560 507 935 594 Delegatum
984 501 1407 590 Apostolicum
1469 501 2019 570 extraordinarium
2062 504 2137 568 ad
2187 502 2573 588 Philippinas
2614 503 2849 569 insulas
2897 505 3051 570 mit-

559 614 769 691 timus,
817 611 1154 677 Personam
1201 609 1495 676 Nostram
1544 608 1677 673 illic
1720 610 2065 692 gesturum.
2155 606 2271 675 Cui
2314 608 2637 692 propterea
2675 611 3053 693 opportunas

558 716 898 783 tribuimus
959 713 1332 791 facultates3
1392 713 1641 797 insuper
1697 713 1889 778 etiam
1947 712 2011 777 in
2071 711 2383 778 mandatis
2437 711 2717 779 dedimus
2779 714 2853 778 ut
2912 731 3054 797 pro-

563 818 890 886 vincialem
930 817 1244 906 Synodum
1286 836 1472 902 quam
1511 816 1782 901 primum
1828 835 1935 901 per
1980 815 2274 883 adiuncta
2319 816 2599 896 licuerit,
2656 816 3049 884 indicendam

564 941 637 990 ac
684 922 1117 991 celebrandam
1163 924 1358 988 curet.

767 1027 912 1094 XII.
964 1064 1037 1075 —
1086 1027 1475 1094 Animorum
1503 1027 1874 1109 pacificatio
1917 1047 1993 1093 ac
2033 1026 2379 1094 reverentia
2433 1028 2509 1092 in
2562 1047 2665 1093 eos
2707 1028 2820 1109 qm·
2854 1047 3046 1108 prae·

557 1139 709 1201 sunt
748 1131 1056 1201 habenda.
1102 1168 1189 1179 —
1235 1131 1455 1197 Restat
1498 1129 1677 1196 modo
1724 1131 1795 1196 ut
1833 1129 1908 1196 ad
1941 1130 2438 1214 Philippinarum
2471 1130 2705 1197 incolas
2736 1130 3052 1196 universos

562 1239 824 1323 paterna
865 1235 1127 1302 caritate
1173 1253 1513 1301 sermonem
1559 1236 2012 1313 convertamus,
2054 1253 2280 1319 eosque
2318 1235 2546 1302 maiore
2577 1254 2701 1318 qua
2730 1253 3051 1319 possumus

560 1341 952 1411 contentione
1000 1341 1338 1420 hortemur,
1387 1342 1458 1405 ut
1503 1339 1807 1406 unitatem
1854 1342 2100 1406 servent
2144 1340 2209 1405 in
2242 1339 2486 1406 vinculo
2517 1339 2707 1423 pacis.
2770 1339 3052 1406 Postulat

562 1449 678 1516 hoc
721 1446 1097 1515 christianae
1141 1444 1534 1529 professionis
1574 1443 1881 1511 officium:
1947 1443 2173 1511 Maior
2227 1450 2315 1511 est
2356 1465 2624 1529 namque
2670 1444 3052 1526 fraternitas

567 1554 816 1623 Christi
856 1573 1044 1636 quam
1087 1551 1462 1635 suminis:
1523 1550 1865 1635 sanym'm‘s
1923 1550 2090 1616 enim
2141 1550 2525 1633 fraternitas
2563 1547 3051 1616 simitudinem

564 1657 991 1725 tantummodo
1037 1657 1317 1739 corporis
1359 1655 1572 1737 refert,
1622 1653 1871 1722 Chri-sti
1915 1660 2123 1722 atatem
2156 1656 2537 1737 fraternitas
2565 1653 3048 1720 unammitaiem

567 1763 781 1832 cordis
823 1763 1194 1846 anivnaeque
1238 1761 1641 1839 demonstrat,
1688 1764 1853 1829 sicut
1895 1762 2196 1844 scriptum
2223 1765 2334 1836 est,
2368 1759 2507 1826 Act.
2536 1758 2658 1837 IV,
2690 1762 2786 1825 32
2804 1783 2824 1823 .·
2869 1757 3049 1823 Mul·

566 1867 859 1934 mainis
911 1872 1116 1933 autem
1171 1867 1553 1934 credentium
1595 1873 1735 1933 erat
1779 1886 1883 1932 cor
1923 1886 2119 1933 unum
2161 1870 2219 1931 et
2259 1865 2481 1931 anima
2521 1884 2672 1932 una.
2762 1861 3053 1929 Postulat

565 1969 884 2053 religionis
931 1968 1174 2047 bonum,
1222 1987 1382 2054 quae
1428 1970 1629 2054 prima
1674 1969 1809 2036 fons
1854 1971 1919 2036 et
1964 1970 2136 2054 origo
2182 1968 2304 2034 fuit
2347 1986 2558 2034 earum
2589 1966 2868 2044 laudum,
2913 1965 3054 2051 qui-

569 2076 685 2142 bus
756 2071 1245 2157 Philippinarum
1316 2075 1532 2157 gentes
1599 2072 1912 2157 superiore
1976 2076 2256 2157 tempore
2315 2071 2672 2140 floruerunt.
2763 2069 3054 2137 Postulat

568 2178 829 2262 denique
893 2178 1134 2244 sincera
1195 2177 1422 2243 caritas
1478 2176 1749 2260 patriae,
1822 2195 1977 2261 quae
2036 2196 2108 2242 ex
2163 2176 2424 2261 publicis
2484 2173 3053 2260 perturbationibus

566 2282 655 2348 nil
702 2281 820 2348 nisi
864 2281 1090 2348 damna
1135 2282 1338 2366 capiet
1381 2299 1454 2348 ac
1500 2280 1891 2349 detrimenta.
1982 2281 2102 2349 Eos
2163 2282 2265 2365 qui
2324 2280 2648 2365 imperium
2709 2277 2926 2345 tenent
2980 2296 3052 2343 ex

569 2385 846 2471 Apostoli
910 2386 1317 2470 praescripto,
1378 2387 1804 2466 revereantur,
1868 2389 2072 2455 omnis
2131 2389 2301 2454 enim
2352 2392 2631 2469 potestas
2672 2406 2718 2451 a
2756 2384 2896 2452 Deo
2941 2388 3049 2450 esi.

568 2491 652 2557 Et
691 2490 972 2576 quamvis
1015 2490 1350 2576 longinquo
1390 2491 1601 2558 oceani
1641 2491 1842 2577 spatio
1886 2511 1923 2558 a
1962 2490 2158 2559 Nobis
2201 2489 2499 2570 seiuncti,
2560 2489 2761 2555 sciant
2805 2505 2872 2555 se
2917 2504 3048 2553 esse

567 2597 632 2662 in
678 2595 798 2661 fide
846 2596 1241 2679 Apostolicae
1280 2595 1492 2675 Sedis,
1548 2614 1707 2680 quae
1752 2596 1913 2662 sicut
1956 2596 2096 2662 illos
2141 2595 2438 2680 peculiari
2482 2593 2915 2678 complectitur
2957 2590 3049 2656 di·

570 2700 866 2781 lectione,
935 2700 1341 2767 tutandarum
1405 2701 1677 2785 ipsorum
1740 2701 2048 2767 rationum
2116 2719 2425 2785 nunquam
2495 2719 2706 2767 curam
2779 2697 3056 2767 abiiciet·

568 2807 969 2874 Decernimus
1033 2806 1280 2874 tandem
1343 2806 1455 2871 bas
1518 2808 1757 2872 nostras
1818 2805 2066 2872 litteras
2128 2805 2295 2872 nullo
2341 2824 2612 2890 unquam
2656 2809 2934 2890 tempore
2977 2803 3053 2869 de

566 2911 982 2995 subreptionis
1027 2916 1138 2976 aut
1182 2911 1555 2995 obreptionis
1613 2911 1799 2991 vitio,
1867 2911 1995 2976 sive
2062 2910 2422 2976 intentionis
2488 2910 2754 2976 Nostrae
2811 2910 3052 2993 alioque

566 3016 783 3099 quovis
846 3014 1089 3080 defectu
1151 3015 1351 3080 notari
1422 3017 1517 3080 vel
1584 3015 1940 3100 impugnari
2008 3033 2182 3100 posse
2238 3018 2302 3082 et
2367 3034 2605 3099 semper
2673 3014 2914 3081 validas
2978 3032 3054 3078 ac

565 3118 777 3184 firmas
830 3116 997 3197 fore,
1055 3136 1316 3202 suosque
1368 3119 1624 3185 effectus
1669 3120 1734 3184 in
1780 3119 2066 3185 omnibus
2110 3120 2415 3203 obtinere,
2479 3138 2552 3186 ac
2612 3118 3053 3185 inviolabiliter

565 3200 876 3288 obserffiri
924 3220 1178 3299 debere,
1239 3240 1355 3287 non
1423 3222 1814 3288 obstantibus
1858 3223 2227 3306 Apostolicis
2290 3226 2476 3309 atque
2524 3225 2584 3289 in
2633 3222 3052 3311 synodalibus,

566 3324 1044 3410 provincialibus
1101 3329 1165 3390 et
1221 3325 1671 3393 universalibus
1728 3325 2019 3393 Conciliis
2080 3327 2268 3394 editis
2326 3329 2723 3413 generalibus
2769 3327 2864 3395 vel
2910 3348 3052 3413 spe-

566 3428 824 3496 cialibus
871 3428 1314 3508 sanctiouibuS,
1362 3449 1475 3496 nec
1519 3449 1635 3497 non
1681 3432 1954 3497 veterum
2002 3431 2217 3497 sedum
2264 3432 2761 3518 Philippinarnm
2808 3434 2873 3499 et
2899 3433 3051 3499 Mis-

567 3534 806 3600 sionum
852 3532 1007 3599 inibi
1052 3534 1527 3601 constitutarum
1574 3539 1637 3603 et
1682 3553 2209 3620 quarumcumque
2257 3537 2667 3603 Ecclesiarum
2707 3555 2780 3602 ac
2809 3537 3050 3622 piorum

564 3639 835 3705 locorum
884 3636 1122 3704 iuribus
1168 3640 1278 3704 aut
1319 3639 1680 3724 privilegiis,
1728 3640 2076 3707 iuramento
2120 3641 2336 3722 etiam,
2383 3639 2847 3708 confirmatione
2880 3642 3048 3727 Apo·

566 3742 788 3811 stolica
824 3745 936 3809 aut
981 3742 1105 3808 alia
1149 3761 1536 3828 quacumque
1581 3742 1881 3810 firmitate
1926 3743 2266 3824 roboratis,
2323 3746 2666 3831 ceterisque
2728 3746 3053 3812 contrariis

565 3847 1087 3932 quibuscumque,
1156 3847 1454 3931 peculiari
1524 3848 1714 3914 etiam
1782 3846 2092 3914 mentione
2162 3848 2404 3934 dignis3
2480 3850 2701 3934 quibus
2767 3850 3052 3916 omnibus

566 3954 870 4037 quatenus
913 3970 1099 4036 supra
1141 3951 1326 4017 dictis
1371 3953 1656 4029 obstant,
1713 3970 1990 4036 expresse
2036 3951 2423 4040 derogamus.
2514 3954 2770 4020 Irritum
2812 3974 3051 4038 quoque

567 4061 631 4122 et
671 4056 854 4123 inane
896 4055 1276 4123 decernimus
1320 4057 1374 4122 si
1419 4074 1593 4122 secus
1638 4076 1823 4139 super
1868 4056 1966 4122 bis
2005 4075 2043 4122 a
2071 4076 2375 4142 quoquam
2411 4058 2629 4142 quavis
2657 4059 3050 4137 auctoritate,

566 4160 833 4227 scienter
878 4159 975 4227 vel
1018 4160 1392 4245 ignoranter,
1434 4159 1766 4245 contigerit
1810 4161 2126 4229 attentari.
2221 4160 2520 4229 Volumus
2564 4166 2773 4230 autem
2820 4166 2892 4229 ut
2939 4163 3048 4228 ba-

566 4284 700 4330 rum
755 4265 1107 4331 litterarum
1172 4264 1465 4349 exemplis
1524 4264 1714 4331 etiam
1759 4264 2106 4349 impressis,
2173 4284 2479 4351 manuque
2525 4267 2754 4352 publici
2804 4267 3048 4335 Notarii

565 4369 930 4454 subscriptis
976 4372 1039 4434 et
1084 4389 1191 4454 per
1234 4368 1641 4437 constitutum
1701 4369 1765 4434 in
1824 4368 2244 4437 ecclesiastica
2303 4370 2609 4456 dignitate
2675 4372 2874 4438 virum
2942 4391 3051 4438 suo

564 4473 772 4558 sigillo
821 4472 1094 4551 munitis,
1142 4473 1359 4540 eadem
1407 4474 1712 4540 habeatur
1756 4473 1907 4537 fides
1951 4491 2109 4558 quae
2156 4473 2422 4542 Nostrae
2467 4476 2807 4543 voluntatis
2850 4477 3047 4561 signi-

566 4577 861 4655 ficationi,
906 4575 1040 4660 ipso
1086 4577 1200 4643 boc
1245 4577 1580 4662 diplomate
1610 4581 1877 4655 ostenso,
1925 4576 2272 4645 baberetur.
2328 4580 2516 4647 Nullo
2548 4600 2695 4666 ergo
2729 4581 3046 4647 hominum

566 4679 756 4746 liceat
800 4678 959 4746 banc
1005 4680 1294 4766 paginam
1337 4681 1605 4748 Nostrae
1667 4680 2012 4760 erectionis,
2074 4683 2555 4763 constitutionis,
2614 4685 3044 4764 restitutionis,
