3303 5013
538 268 670 334 486
1376 286 1729 342 Kirchliche
1768 286 2174 343 Aktenstactte

543 462 660 537 est,
703 460 768 523 et
813 457 1146 527 intestatus
1188 457 1469 537 decessit,
1520 458 1814 524 haeredes
1861 462 2069 525 autem
2117 461 2244 526 fere
2286 461 2371 525 32
2414 460 2508 525 vel
2549 460 2635 526 35
2680 458 3052 543 relinquens

540 564 606 629 in
654 562 891 628 dissitis
937 561 1291 643 regionibus
1334 562 1798 639 disseminatos,
1844 582 2103 647 quorum
2150 562 2406 648 proinde
2452 580 2814 629 consensum
2858 582 3051 646 expo-

539 667 774 732 stulare
823 685 974 749 pene
1019 666 1395 748 impossibile
1435 667 1549 731 est.
1607 667 1911 749 Quocirca
1945 667 2280 751 Episcopus
2310 667 2426 733 hoc
2459 667 2741 750 proponit
2777 666 3047 732 dubium

539 770 967 836 resolvendum
1016 770 1139 834 EE.
1194 770 1314 834 ΡΡ.
1367 770 1640 838 »Utrum
1680 773 2024 838 canonicus
2070 771 2353 838 Clemens
2396 769 2588 838 Gosse
2626 776 2827 837 mente
2854 770 3049 853 plene

539 875 870 940 ᾱεεέίιαιαε
934 874 1007 940 in
1074 873 1252 940 aliud
1316 875 1679 955 beneficium
1740 874 1903 956 qaod
1971 875 2334 942 nallatenus
2394 893 2757 958 coynoscere
2805 877 3048 958 potuit,

539 978 876 1045 ascendere
920 985 975 1043 et
1017 978 1263 1043 reditas
1297 977 1694 1058 praebendae
1744 977 2022 1045 adnexos
2057 981 2384 1063 percipere
2428 979 2773 1046 debuerit«.

756 1081 987 1146 Deinde
1040 1080 1228 1146 aliam
1261 1083 1469 1146 movet
1497 1099 1833 1146 connexam
1867 1083 2293 1166 quaestionem
2331 1082 2703 1166 Episcopus:
2749 1081 3047 1147 nimirum

540 1205 617 1251 an
664 1186 947 1252 infirmus
1005 1185 1332 1251 canonicus
1396 1185 1474 1251 ad
1538 1185 1866 1251 lucrandos
1919 1205 2130 1251 omnes
2193 1187 2434 1252 fructus
2497 1185 2726 1253 muniis
2782 1184 3042 1251 canoni-

540 1290 781 1356 calibus
819 1289 1180 1355 satisfacere
1225 1308 1332 1372 per
1379 1289 1679 1354 vicarium
1723 1289 2008 1355 debuerit
2052 1309 2162 1356 suo
2208 1293 2464 1374 sumptu
2494 1289 2922 1373 deputandum
2960 1307 3045 1354 an

540 1395 767 1479 potius,
816 1397 1061 1478 propter
1107 1394 1559 1473 infirmitatem,
1606 1396 1684 1459 ab
1730 1396 2014 1460 omnibus
2058 1397 2347 1462 oneribus
2392 1396 2691 1462 immunis
2724 1392 3048 1458 habendus

540 1499 662 1576 sit,
723 1498 968 1583 quaerit
1011 1498 1176 1563 enim
1222 1498 1592 1582 Episcopus:
1661 1499 1933 1566 »Fuitne
1985 1499 2341 1568 canoniae
2384 1500 2577 1568 Cos-se
2621 1499 2933 1583 obliyatus
2970 1504 3045 1564 ut

541 1604 829 1670 omnibus
875 1603 1197 1670 canonicis
1242 1603 1470 1686 officiis
1513 1609 1570 1669 et
1612 1606 2039 1672 communibus
2091 1612 2149 1673 et
2166 1606 2612 1688 personalibus
2645 1604 3047 1689 prospicem-d

540 1727 656 1772 suo
697 1714 951 1789 sumptu
973 1708 1012 1773 .9
1045 1714 1107 1773 2.
1157 1708 1266 1774 An
1311 1706 1389 1773 ab
1434 1708 1716 1774 omnibus
1744 1709 1982 1791 officiis
2009 1712 2263 1777 omnino
2294 1709 2602 1776 liberatus
2626 1711 2772 1790 fuit.
2818 1712 2883 1773 3.
2931 1710 3045 1773 An

541 1811 847 1895 obliyatus
908 1811 1041 1893 fuit
1093 1817 1164 1876 ut
1220 1811 1503 1877 omnibus
1554 1813 2000 1894 personalibus
2059 1819 2302 1880 tantum
2359 1813 2589 1897 officiis
2630 1813 2767 1879 scil.
2814 1811 3041 1877 hebdo-

539 1915 825 1983 madarii
897 1922 966 2007 et·
1025 1915 1460 1982 celebrationis
1534 1915 1897 1982 Missurum
1974 1917 2396 1999 fundatarum
2458 1917 2857 2000 satisfaceret
2925 1934 3042 1981 sno

540 2024 794 2099 sumptu
828 2040 950 2101 per
1009 2019 1297 2087 Vicarios
1312 2020 1351 2084 Β
1386 2024 1448 2084 4.
1491 2022 1595 2085 An
1640 2020 1954 2104 obliquius
2004 2022 2136 2103 fait
2184 2026 2255 2086 ut
2310 2020 2752 2103 personalibus
2809 2020 3041 2104 officiis

542 2122 1028 2188 hebdomadarii
1084 2129 1328 2189 tantam
1384 2126 1749 2204 satifaceret
1804 2145 1920 2190 suo
1978 2131 2231 2205 sumptu
2280 2145 2398 2207 per
2458 2125 2785 2192 neurim
2803 2124 2872 2189 ,θα
2967 2123 3040 2189 In

543 2227 923 2310 propositum
970 2228 1178 2291 autem
1231 2226 1381 2291 baec
1427 2228 1618 2292 refert
1666 2227 2037 2312 Episcopus:

759 2330 1020 2395 »Dictus
1066 2330 1409 2397 Canonicus
1456 2330 1643 2398 Cosse
1690 2350 1796 2415 per
1840 2336 1966 2397 tres
2008 2350 2199 2397 annos
2231 2332 2659 2398 canonicorum
2693 2330 2899 2397 officia
2930 2349 3040 2397 nec

545 2439 904 2503 communia
946 2436 990 2501 i.
1037 2454 1091 2503 e.
1137 2452 1349 2501 omnes
1397 2434 1739 2501 canonicos
1780 2436 2157 2502 coniunctim
2215 2437 2564 2521 obligantia
2618 2434 2697 2501 ad
2761 2434 3036 2502 divinam

546 2539 950 2622 psalmodiam
995 2539 1059 2605 in
1106 2539 1309 2616 choro,
1358 2558 1471 2606 nec
1505 2541 1902 2622 personalia,
1951 2560 2110 2625 quae
2153 2546 2267 2606 aut
2307 2561 2344 2606 a
2390 2540 2658 2625 singulis
2710 2539 3037 2605 canonicis

543 2643 695 2727 ipsis
740 2644 1136 2727 persolvenda
1179 2646 1327 2710 sunt
1370 2647 1481 2710 aut
1524 2663 1630 2728 per
1678 2645 1988 2710 Vicarium
2025 2663 2132 2727 pro
2167 2645 2477 2712 canonicis
2508 2643 2823 2728 impeditis
2854 2644 3035 2727 idque

544 2748 764 2814 horum
805 2749 1154 2832 sumptibus
1199 2749 1586 2831 procuranda
1629 2753 1815 2827 sunt,
1865 2754 1937 2815 ut
1981 2749 2459 2815 celebrationem
2508 2749 2732 2813 missae
2775 2765 3037 2813 conven-

546 2852 757 2933 tualis,
813 2853 1141 2917 missarum
1189 2852 1594 2918 fundatarum
1642 2855 1758 2918 etc.
1806 2852 1934 2917 ullo
1982 2853 2161 2918 modo
2208 2852 2512 2936 implevit.

759 2957 1196 3021 »Afferabatur
1242 2957 1572 3022 Decretum
1617 2954 1679 3022 S.
1728 2955 1792 3022 C.
1843 2955 1909 3023 O.
1960 2960 2022 3022 5.
2072 2956 2292 3021 Martii
2329 2957 2530 3022 1667:
2582 2956 3036 3040 »Congregatio

549 3060 808 3128 Concilii
854 3061 1115 3137 censuit,
1164 3058 1474 3126 Canonico
1519 3055 1787 3137 infirmo,
1835 3059 2101 3125 durante
2140 3060 2273 3125 eius
2313 3058 2698 3138 infirmitate,
2754 3060 3037 3144 quamvis

544 3165 729 3231 choro
772 3182 889 3229 non
934 3164 1200 3242 intersit,
1246 3163 1459 3229 deberi
1505 3163 1746 3229 fructus
1792 3182 2002 3229 omnes
2047 3164 2143 3229 sui
2191 3163 2626 3241 canonicatus,
2691 3182 2816 3229 non
2861 3181 3035 3229 secus

546 3289 621 3336 ac
665 3269 718 3334 si
763 3267 1046 3333 omnibus
1108 3268 1274 3333 boris
1335 3268 1563 3333 divinis
1629 3268 2035 3351 personaliter
2089 3267 2451 3346 interesset,
2507 3267 2841 3334 dummodo
2895 3273 3041 3332 ante

545 3372 976 3439 infirmitatem
1047 3371 1231 3437 fuerit
1296 3371 1517 3437 solitus
1587 3371 1903 3437 inservire.
1995 3371 2284 3436 Ceterum
2347 3371 2779 3437 infirmitatem
2839 3372 3035 3456 ipsam

546 3496 756 3544 coram
796 3476 1000 3541 iudice
1043 3476 1481 3559 probandam«.
1565 3475 1867 3558 Tempore
1913 3475 2109 3541 bonae
2157 3475 2533 3541 valetudinis
2575 3495 2631 3558 p.
2678 3474 2864 3542 Cosse
2908 3494 3039 3541 om·

545 3582 650 3647 nia
696 3580 988 3648 Canonici
1033 3581 1239 3646 officia
1283 3581 1662 3647 adamussim
1709 3580 2028 3663 implebat.
2090 3618 2175 3628 -
2243 3580 2399 3646 Dein
2456 3581 2864 3647 invocabatur
2921 3579 3038 3644 De-

547 3690 783 3753 cretum
831 3685 892 3753 S.
943 3685 1011 3752 C.
1061 3684 1128 3752 C.
1172 3685 1234 3751 d.
1281 3685 1341 3749 8.
1391 3684 1667 3749 Ianuarii
1716 3683 1922 3749 1597:
1991 3684 2443 3768 »congregatio
2490 3682 2752 3749 Concilii
2799 3681 3043 3748 censuit

546 3795 850 3858 oratorem
894 3791 949 3855 si
996 3808 1136 3855 vere
1179 3806 1397 3853 caecus
1432 3788 1665 3866 existit,
1712 3807 1749 3852 a
1787 3788 2198 3854 celebratione
2231 3790 2560 3854 missarum
2590 3787 2653 3852 in
2689 3786 3039 3870 collegiata

546 3915 795 3981 prorsus
834 3896 1171 3960 immunem
1220 3912 1388 3970 esse,
1440 3909 1634 3974 neque
1682 3891 1875 3956 alium
1922 3892 2019 3957 sui
2069 3891 2233 3966 loco,
2281 3911 2421 3958 cum
2468 3892 2552 3957 sit
2596 3891 2880 3975 legitime
2920 3891 3038 3954 im·

546 4002 814 4086 peditus,
860 3999 1239 4065 substituere
1271 3997 1530 4064 teneri«.
1593 3994 1763 4076 Quae
1796 3996 2047 4062 decreta
2077 4015 2110 4060 e
2142 3997 2272 4060 iure
2304 3994 2619 4062 communi
2650 3994 3035 4060 effluxerant.

548 4105 674 4173 Cfr.
722 4105 827 4170 Ius
867 4103 1240 4170 Canonicum
1290 4101 1450 4185 apud
1500 4100 1901 4167 Reiffenstuel
1945 4103 2098 4166 tom.
2132 4099 2229 4166 ΙΙΙ
2275 4100 2352 4165 de
2382 4101 2603 4168 clerieo
2634 4101 3033 4183 aegrotante;

546 4212 611 4275 et
657 4210 732 4274 de
778 4208 1019 4273 clericis
1067 4205 1495 4273 residentibus,
1553 4203 1868 4270 Benedict.
1900 4204 2073 4270 XIV.
2115 4204 2549 4270 Institutiones
2581 4201 3037 4268 ecclesiasticae

548 4315 700 4379 inst.
753 4312 896 4378 107.

761 4416 872 4480 »In
929 4413 1189 4498 capituli
1248 4414 1506 4478 statutis
1565 4433 1601 4478 a
1662 4412 1723 4478 S.
1779 4412 1936 4478 Sede
1997 4411 2354 4495 approbatis
2413 4411 2808 4476 continentur
2867 4409 3038 4494 leges

549 4519 845 4601 speciales
890 4521 1252 4601 sequentes:

759 4623 796 4702 g
845 4624 945 4686 41.
1023 4619 1333 4694 »Vicarii,
1399 4619 1634 4684 ratione
1697 4618 2010 4698 beneficii,
2069 4621 2357 4685 tenentur
2418 4617 2645 4683 divinis
2706 4614 2930 4681 officiis
2973 4614 3036 4680 in
