3303 5013
553 305 683 372 710
1391 320 1744 375 Ktrchuche
1784 319 2184 394 Ammracke

558 498 663 564 del
703 495 924 563 Fando
963 515 1079 576 per
1125 494 1174 559 il
1220 492 1402 559 Gallo
1449 515 1488 559 a
1534 493 1797 558 termine
1840 491 1980 558 dell’
2025 497 2148 557 art.
2192 497 2287 560 28
2332 494 2412 559 N.
2457 499 2495 555 4
2537 489 2703 559 della
2749 489 2954 572 Leyye
3003 494 3047 553 7

556 601 753 685 luqlio
796 603 966 666 1866
1008 600 1284 665 Numero
1330 600 1505 663 3036
1547 619 1579 662 e
1621 595 1767 663 dell’
1815 603 1934 662 ανί.
1985 604 2019 661 1
2067 596 2235 663 della
2281 598 2482 682 Leyye
2511 603 2553 664 4
2592 598 2820 680 yiuyno
2871 598 3047 660 1899

556 705 643 771 Ν.
693 709 880 772 191«.
945 703 1118 768 Haec
1162 720 1454 786 congrua,
1502 702 1572 766 ut
1605 703 1779 766 notat
1814 701 2347 784 Archiepiscopus,
2387 704 2482 767 est
2513 708 2699 778 certa,
2734 707 3047 782 perpetua

559 810 622 874 et
658 809 1014 892 sufficia-93
1062 812 1228 873 certa
1272 807 1420 890 quia
1455 806 1719 883 exhibet,
1769 824 2075 870 summam
2125 806 2253 870 500
2301 806 2649 872 libellarum
2699 823 3045 868 annuarum

565 913 826 998 parocho
892 911 1287 988 solvendam;
1350 917 1657 995 perpetua
1721 910 1867 994 quia
1934 910 2334 993 municipium
2400 911 2800 995 Ragusauum
2872 908 3050 973 illam

560 1017 793 1083 solvere
854 1018 1102 1082 tenetur
1162 1035 1233 1080 ex
1290 1014 1532 1080 iustitia
1599 1014 1677 1080 ob
1736 1013 1991 1079 titulum
2051 1014 2314 1096 legalem
2372 1014 2753 1080 aboletorum
2815 1012 3047 1077 iuriam

558 1126 816 1205 quartae
878 1119 1189 1199 funeralis,
1249 1118 1440 1184 donec
1496 1117 1955 1184 administratio
2015 1119 2239 1185 Fundi
2297 1118 2514 1185 Cultus
2558 1116 2848 1183 maiorem
2894 1135 3039 1182 con·

559 1244 750 1309 gruae
795 1244 1100 1290 summam
1161 1224 1491 1306 rependat3
1554 1223 1880 1306 sufficiens
1938 1222 2099 1286 sicut
2147 1224 2362 1287 eadem
2424 1240 2667 1287 summa
2729 1221 3049 1287 sufficiens

561 1348 666 1412 pro
706 1329 970 1413 parocho
1010 1327 1072 1394 S.
1123 1328 1365 1394 loannis
1411 1328 1590 1411 Bapt.
1638 1328 2117 1410 recognoscitur,
2176 1329 2240 1392 et
2285 1327 2474 1394 etiam
2513 1331 2661 1413 quia
2701 1327 2825 1394 alia
2870 1346 3041 1392 emo·

559 1436 835 1499 lumenta
901 1433 1276 1517 parochialia
1336 1431 1616 1498 addenda
1681 1435 1827 1495 sunt
1888 1451 2042 1516 quae
2108 1432 2376 1497 medium
2428 1434 2693 1500 reditum
2742 1432 3044 1502 minorem

558 1538 787 1604 libellis
845 1538 1007 1615 400,
1072 1537 1223 1602 duce
1283 1535 1677 1620 experientia,
1746 1539 2060 1619 praestare
2122 1540 2407 1620 nequent.
2483 1537 2757 1603 Tandem
2810 1537 3050 1602 limites

560 1662 757 1708 novae
816 1642 1141 1726 parochiae
1200 1641 1322 1706 iam
1387 1640 1625 1705 definiti
1681 1641 1827 1705 sunt
1880 1641 1952 1705 ut
2012 1640 2141 1723 ipse
2182 1641 2696 1727 Archiepiscopus
2752 1644 3052 1707 testatur.

564 1749 881 1813 Postremo
924 1745 1174 1811 tandem
1209 1745 1286 1810 ad
1317 1762 1770 1828 quamcumque
1811 1744 2260 1809 contentionem
2296 1745 2461 1811 circa
2491 1765 2800 1830 congruae
2847 1745 3051 1831 assig-

561 1851 868 1916 nationem
932 1849 1277 1927 vitandam,
1337 1866 1704 1914 oeconomus
1765 1866 1955 1911 novae
2018 1849 2342 1930 parochiae
2413 1851 2616 1917 »Ecce
2661 1850 2904 1917 Homo«
2970 1851 3047 1913 ad

555 1954 1099 2038 Archiepiscopum
1136 1952 1585 2038 Syracusanum
1632 1954 1696 2017 et
1737 1951 1815 2016 ad
1873 1952 2029 2016 hanc
2080 1951 2138 2016 S.
2173 1953 2507 2037 Cong.nem
2557 1953 3047 2018 declarationem

560 2058 750 2136 misit,
799 2077 919 2141 qua
959 2077 1025 2123 se
1057 2057 1297 2141 obligat
1341 2056 1418 2121 ad
1470 2056 1968 2123 constituendam
2002 2058 2405 2138 praedictam
2447 2059 2646 2125 dotem
2690 2058 2750 2123 in
2800 2060 3051 2142 proprio

563 2163 809 2245 praedio
854 2161 1309 2229 ›Giubiliana‹
1360 2160 1516 2244 quod
1563 2160 1625 2223 in
1676 2160 1962 2245 Ragusae
2010 2161 2320 2225 territorio
2371 2161 2685 2244 reperitur.

774 2274 983 2339 Finem
1039 2273 1336 2339 orationis
1393 2291 1541 2338 suae
1598 2272 1863 2356 imponit
1910 2275 2201 2357 patronus
2252 2274 2514 2339 notando
2572 2274 2697 2339 iam
2734 2292 2771 2339 a
2815 2273 2917 2339 die
2964 2276 3049 2341 24

564 2378 818 2463 augusti
849 2377 993 2444 anni
1030 2378 1192 2444 1901
1226 2376 1827 2460 Archiepiscopalem
1860 2377 2231 2445 sententiam
2276 2378 2594 2444 divisionis
2624 2379 3043 2445 executionem

563 2482 868 2550 habuisse.
946 2481 1243 2549 Parochia
1288 2481 1451 2548 enim
1512 2481 1716 2548 »Ecce
1759 2479 2002 2548 Homo«
2074 2501 2178 2566 per
2223 2482 2604 2550 sacerdotem
2646 2501 3045 2549 oeconomum

558 2587 820 2672 regitur,
880 2590 943 2653 et
986 2586 1233 2671 quidem
1278 2585 1764 2670 independenter
1825 2586 2071 2651 omuino
2126 2587 2187 2650 in
2233 2587 2515 2652 omnibus
2559 2606 2596 2652 a
2641 2588 2935 2671 parochia
2981 2586 3043 2653 S.

561 2692 829 2770 Ioannis,
877 2694 941 2756 et
985 2692 1056 2756 nt
1109 2691 1385 2756 Vicarius
1429 2689 1714 2755 foraneus
1774 2691 1838 2755 et
1881 2689 2184 2773 Syndicus
2243 2693 2578 2767 testantur,
2637 2693 2849 2758 omnia
2893 2693 3049 2759 bene

562 2796 897 2879 procedunt
941 2795 1074 2860 sine
1109 2795 1328 2874 turbis,
1375 2793 1507 2859 sine
1553 2793 1846 2874 dissidiis,
1891 2793 2017 2860 imo
2058 2795 2328 2860 maxima
2371 2814 2511 2861 cum
2549 2796 2757 2879 populi
2803 2796 3047 2864 laetitia

567 2904 632 2967 et
673 2900 973 2967 utilitate.

777 3020 961 3087 Modo
1004 3020 1336 3104 dignentur
1384 3020 1506 3089 1⁴:1³2.
1561 3020 1681 3085 PP.
1731 3039 1990 3104 sequens
2033 3019 2267 3086 diluere

1631 3158 1964 3226 DUBIUM

768 3292 880 3358 An
943 3292 1246 3358 sententia
1310 3292 1523 3358 curiae
1587 3289 2166 3375 Archicpiscopalis
2245 3288 2688 3376 Syracusanae
2752 3292 2840 3359 sit
2894 3314 3041 3360 con-

558 3397 882 3480 firmanda
923 3396 1017 3462 vel
1059 3394 1457 3479 infirmanda
1500 3397 1575 3461 in
1618 3414 1792 3461 casu.

769 3507 931 3573 Emi
977 3508 1193 3574 Patres
1237 3507 1714 3591 rescripserunt:
1762 3506 2098 3574 Decretum
2134 3527 2269 3574 csse
2311 3508 2812 3591 confirmandam
2856 3517 2918 3578 ct
2960 3512 3050 3578 aa

561 3619 841 3680 martem

560 3884 621 3950 5.
683 3883 832 3951 Den
875 3883 1009 3951 anf
1044 3884 1273 3952 ciuem
1320 3883 1748 3952 BeneflzInm
1794 3883 2001 3951 kraft
2053 3881 2748 3968 Stiftungsnrknnde
2794 3886 3045 3954 ruben·

563 3987 697 4055 den
727 3988 1356 4073 Verpflichtnngen
1400 3985 1681 4057 kiinnen
1726 4005 1885 4056 vom
1928 3988 2262 4057 Bischofe
2309 3989 2515 4057 lmine
2545 4008 2769 4058 neuen
2800 3989 3044 4058 hinzu-

1502 4093 1758 4178 gefflgt
1801 4092 2098 4161 werden.

772 4250 990 4316 Dieser
1049 4248 1343 4333 obrigens
1409 4267 1545 4314 vom
1607 4247 2020 4314 kanoniscben
2086 4248 2317 4316 Rechts
2373 4248 2705 4333 allgemein
2766 4251 3047 4335 gelehrte

561 4353 911 4421 Grundsatz
974 4354 1179 4419 wurde
1241 4356 1301 4417 in
1364 4352 1683 4438 folgender
1744 4352 1943 4419 Causa
2002 4371 2136 4418 vom
2179 4354 2282 4420 24.
2333 4354 2510 4437 April
2561 4352 2728 4419 1903
2777 4374 2893 4421 von
2943 4356 3046 4419 der

560 4458 781 4542 Congr.
831 4460 980 4543 Epp.
1027 4461 1091 4524 et
1136 4458 1288 4543 Rog.
1331 4456 1860 4542 ausgesprochen:

769 4570 1098 4638 comitissa
1168 4572 1399 4637 Ioanna
1460 4570 1551 4636 De
1612 4569 1927 4650 castaldi,
1985 4570 2169 4636 vidua
2233 4570 2494 4638 Comitis
2556 4571 2873 4638 Francisci
2932 4570 3042 4638 Del

566 4672 773 4753 Testa,
820 4675 883 4739 in
932 4675 1174 4757 publico
1219 4675 1505 4742 Oratorio
1549 4674 1656 4741 SS.
1692 4675 1976 4741 Nominis
2023 4676 2263 4743 Mariae
2309 4674 2372 4742 S.
2408 4676 2652 4743 Ranieri
2697 4697 2881 4763 prope
2929 4677 3040 4742 vil-
