3303 5013
546 273 673 339 492
1394 291 1742 346 Kirchliche
1784 289 2192 346 Aktemtaclce

753 462 966 529 Sciant
1011 461 1258 544 insuper
1309 460 1604 539 Parochi‚
1656 461 1710 525 si
1755 461 2217 545 interrogentur
2263 480 2300 525 a
2346 462 2891 541 contrahentibus,
2941 464 3034 528 vel

548 551 602 616 si
642 552 807 617 certe
855 549 1134 615 noverint
1179 566 1281 614 eos
1325 549 1603 613 adituros
1647 548 2002 614 ministrum
2052 548 2432 613 haereticum
2488 550 2680 614 sacris
2721 549 3033 615 addictum

548 638 626 702 ad
669 655 1029 703 consensum
1077 635 1594 701 matrimonialem
1642 636 2123 717 praestandum,
2172 654 2237 699 se
2279 636 2461 700 silere
2505 654 2624 700 uon
2671 654 2883 718 posse,
2927 637 3031 700 sed

547 743 793 790 monere
837 723 1081 789 eosdem
1130 721 1347 787 debere
1387 740 1640 803 sponsos
1689 721 1766 787 de
1811 721 2175 805 gravissimo
2234 723 2483 803 peccato
2537 725 2698 804 quod
2762 725 3030 807 patrant,

548 814 615 877 et
658 811 734 876 de
774 809 1048 876 censuris
1087 806 1148 873 in
1194 827 1346 891 quas
1387 809 1732 874 incurrunt.
1790 809 2209 875 Veruntamen
2256 808 2335 873 ad
2368 809 2585 892 gravia
2618 810 3036 893 praecavenda

547 898 746 976 mala,
807 898 859 961 si
919 897 982 960 in
1044 894 1250 977 aliquo
1313 893 1608 979 peculiari
1653 913 1798 960 casu
1839 896 2157 961 Parochus
2204 914 2321 961 non
2368 894 2560 960 fuerit
2602 896 3036 980 interpellatus

548 1004 585 1049 a
629 983 915 1067 Sponsis‚
978 1001 1057 1047 an
1118 980 1304 1047 liceat
1361 1000 1472 1046 nec
1517 1000 1593 1047 ne
1654 981 1825 1047 adire
1880 982 2236 1047 ministrum
2281 982 2699 1061 haereticum,
2754 986 2818 1049 et
2864 983 3037 1049 nulla

549 1071 662 1136 fiat
725 1071 802 1135 ab
852 1069 1072 1134 iisdem
1132 1067 1373 1150 sponsis
1432 1068 1723 1151 explicita
1783 1068 2124 1134 declaratio
2194 1068 2271 1132 de
2337 1069 2616 1134 adeundo
2684 1068 3037 1136 ministrum

547 1157 929 1223 haereticum
950 1204 965 1233 ,
1013 1155 1371 1238 praevideat
1416 1159 1628 1220 tamen
1676 1174 1778 1220 eos
1820 1155 2023 1221 forsan
2073 1155 2349 1221 adituros
2392 1156 2468 1220 ad
2515 1156 3038 1222 matrimonialem

552 1244 966 1311 renovandum
1012 1261 1396 1320 consensum,
1442 1260 1515 1306 ac
1559 1241 1808 1325 insuper
1854 1260 1925 1307 ex
1970 1242 2281 1326 adjunctis
2325 1242 2389 1307 in
2435 1261 2580 1307 casu
2613 1244 3037 1309 concurrenti-

551 1332 666 1395 bus
711 1330 1070 1413 praevideat
1114 1328 1515 1411 monitionem
1560 1330 1732 1394 certo
1763 1347 1883 1394 non
1914 1328 2044 1393 fore
2072 1328 2481 1412 profuturam,
2514 1330 2638 1395 imo
2669 1331 3036 1405 nocituram,

546 1417 810 1500 indeque
859 1417 1184 1501 peccatum
1246 1414 1568 1480 materiale
1627 1416 1691 1480 in
1750 1416 2064 1481 formalem
2126 1416 2371 1499 culpam
2427 1416 2827 1497 vertendum;
2887 1425 3038 1482 tunc

546 1504 750 1582 sileat,
797 1504 1032 1568 remoto
1074 1504 1287 1567 tamen
1329 1501 1641 1579 scandalo,
1698 1504 1760 1567 et
1803 1501 2133 1567 dummodo
2181 1503 2340 1568 aliae
2388 1502 2466 1567 ab
2511 1503 2790 1569 Ecclesia
2835 1505 3037 1588 requi·

547 1592 706 1657 sitae
762 1589 1142 1656 conditiones
1202 1592 1388 1672 atque
1447 1589 1766 1653 cantiones
1829 1589 1946 1654 rite
2013 1589 2249 1671 positae
2314 1588 2475 1665 sint,
2542 1590 2907 1674 praesertim
2962 1591 3040 1656 de

548 1678 742 1743 libero
789 1675 1108 1760 religionis
1155 1675 1444 1741 exercitio
1496 1675 1662 1758 parti
1718 1675 2062 1741 catholicae
2123 1676 2542 1755 concedendo,
2607 1695 2718 1742 nec
2778 1696 2899 1743 non
2960 1677 3039 1744 de

550 1766 837 1830 universa
904 1763 1072 1846 prole
1139 1763 1204 1826 in
1273 1761 1570 1845 religione
1633 1762 1945 1827 catholica
2015 1762 2347 1829 educando.
2439 1763 2616 1846 Quod
2672 1766 2727 1828 si
2782 1764 3039 1830 tandem

549 1869 879 1917 consensus
939 1867 1148 1915 coram
1206 1849 1470 1932 parocho
1529 1848 1680 1913 velit
1740 1849 2055 1927 renovari,
2113 1852 2440 1933 postquam
2502 1852 2842 1932 praestitus
2905 1852 3037 1935 jam

549 1939 735 2003 fuerit
782 1955 989 2003 coram
1037 1936 1323 2001 ministro
1384 1935 1731 2015 haeretico,
1794 1936 1977 2018 idque
2040 1936 2284 2018 publice
2349 1940 2562 2001 notum
2624 1939 2739 2015 sit,
2804 1937 2900 2002 vel
2961 1939 3040 2002 ab

548 2026 697 2108 ipsis
737 2023 976 2108 sponsis
1012 2023 1277 2106 parocho
1321 2021 1713 2099 notificatum
1777 2022 2079 2105 parochus
2137 2023 2281 2088 huic
2341 2023 2736 2088 matrimonio
2782 2043 2899 2088 non
2947 2025 3040 2089 in·

548 2112 766 2176 tererit
812 2109 950 2188 nisi,
998 2109 1258 2175 servatis
1305 2110 1398 2173 uti
1443 2110 1813 2191 supponitur
1858 2109 2208 2193 ceteroquin
2251 2109 2589 2188 servandis,
2633 2128 2778 2192 pars
2821 2110 3039 2176 catho-

550 2198 672 2263 lica
717 2197 869 2261 facti
913 2197 1264 2279 poenitens,
1312 2194 1576 2278 praeviis
1620 2195 2000 2261 salutaribus
2036 2197 2470 2278 poenitentiis,
2510 2197 2961 2262 absolutionem
3003 2217 3041 2262 a

552 2283 891 2351 contractis
945 2282 1219 2347 censuris
1285 2283 1404 2347 rite
1466 2282 1634 2364 prius
1692 2282 2049 2349 obtinuerit.
2154 2282 2340 2349 Sacra
2385 2283 2582 2367 igitur
2625 2283 3040 2369 Congregatio

550 2371 891 2454 plurimum
950 2369 1013 2433 iu
1076 2369 1339 2433 Domino
1398 2367 1687 2447 confidit,
1757 2369 1845 2433 Te
1892 2369 2247 2451 praemissis
2292 2370 2623 2453 prudenter
2667 2374 2732 2436 et
2778 2371 3039 2436 firmiter

550 2457 972 2524 inhaerentem
1020 2454 1404 2535 effecturum,
1450 2458 1520 2520 ut
1558 2454 1937 2522 inviolabilis
1983 2455 2298 2523 doctrinae
2343 2459 2582 2522 sartum
2626 2458 2864 2524 tectum
2912 2477 3039 2524 ser·

551 2549 730 2612 vetur
774 2542 1118 2627 depositum
1142 2593 1158 2622 ‚
1218 2543 1665 2609 catholicorum
1723 2561 1925 2608 mores
1972 2542 2115 2608 fidei
2160 2544 2600 2627 respondeant,
2655 2544 2886 2610 damna
2928 2564 3038 2629 ap·

548 2634 851 2716 prehensa
895 2633 1240 2709 arceantur,
1289 2648 1362 2695 ac
1406 2629 1621 2695 fideles
1661 2629 1944 2696 doctrina
1989 2633 2054 2695 et
2100 2632 2375 2714 exemplo
2429 2632 2697 2697 roborati
2745 2631 3038 2698 incedant

551 2737 660 2803 per
702 2718 956 2784 semitas
996 2716 1300 2801 jnstitiae.

756 2804 857 2869 Ita
900 2822 1007 2889 per
1047 2804 1379 2869 Decretum
1423 2803 1638 2869 datum
1686 2803 1749 2867 in
1797 2803 2084 2869 Generali
2128 2802 2622 2888 Congregatione
2676 2804 3033 2870 Emmornm

549 2910 623 2958 ac
671 2892 1062 2957 Remmornm
1110 2890 1186 2957 D.
1233 2890 1310 2954 D.
1359 2890 1420 2955 S.
1470 2890 1540 2957 R.
1581 2890 1654 2955 Ε.
1701 2889 2123 2955 Cardinalium
2157 2891 2217 2955 in
2252 2890 2433 2957 rebus
2463 2890 2609 2956 fidei
2639 2889 3036 2957 Generalium

550 2978 992 3062 Inquisitorum
1043 2975 1254 3042 Feriae
1299 2975 1389 3042 IV
1434 2977 1534 3042 die
1586 2975 1686 3042 17.
1730 2976 2050 3042 Februarii
2095 2976 2283 3044 1864.

762 3065 990 3130 Datum
1067 3081 1137 3127 ex
1212 3062 1599 3129 cancellaria
1678 3063 1955 3146 ejusdem
2030 3061 2092 3128 S.
2167 3063 2679 3148 Congregationis
2753 3064 2872 3129 hac
2938 3063 3035 3128 die

552 3152 656 3217 22.
704 3150 924 3219 Martii
970 3150 1156 3215 1879.

1883 3235 2221 3303 Juvenalis
2264 3236 2516 3303 Pelami

1516 3321 1578 3388 S.
1623 3322 1694 3388 R.
1742 3325 1807 3388 et
1846 3322 2026 3388 Univ.
2075 3322 2502 3405 Inquisitionis
2544 3322 2865 3391 Notarius.

614 3578 679 3647 4.
745 3578 889 3646 Der
934 3576 1313 3645 selei-liene
1354 3569 1715 3660 Ehesegen
1756 3575 2192 3660 (benedictio
2234 3576 2620 3660 nuptialis)
2665 3575 2809 3643 und
2856 3575 2976 3646 die

724 3678 1255 3765 Abschwiirrmg
1297 3680 1425 3748 der
1468 3680 1771 3749 Haresie
1814 3678 1963 3766 (abj
1972 3681 2215 3749 aratio
2259 3679 2843 3764 haereticorum).

760 3822 889 3888 Das
937 3822 1277 3887 kirchliche
1323 3820 1927 3906 Verordnnngsblatt
1985 3819 2087 3885 fiir
2146 3819 2244 3885 die
2295 3819 2547 3886 Diozese
2593 3817 2767 3884 Gur-k
2815 3818 3057 3885 erlasst

552 3928 614 3991 in
663 3927 775 3992 Nr.
822 3927 863 3989 4
908 3945 1070 3992 curr.
1131 3925 1417 4008 folgende
1476 3925 1622 3990 zwei
1688 3924 1929 3991 Erlasse
1990 3924 2101 3988 der
2164 3923 2802 4009 Ritenkongregation
2852 3924 3057 3992 bezW.

551 4031 660 4096 des
717 4030 804 4097 hl.
864 4030 1185 4095 Offiziums
1244 4029 1307 4094 in
1371 4030 1556 4107 Rom,
1623 4028 1723 4094 die
1792 4029 1924 4095 hier
1993 4028 2102 4094 der
2168 4028 2562 4112 praktischen
2621 4026 3065 4111 Wichtigkeit

552 4152 758 4218 wegen
800 4152 909 4198 znr
954 4133 1324 4217 Mitteilung
1369 4133 1655 4198 kommen
1700 4141 1956 4216 mugen:

1378 4311 1437 4356 a.
1487 4289 1855 4356 Benedictio
1895 4287 2219 4372 nuptiali-3.

763 4432 890 4490 Ans
934 4426 1161 4491 Anlass
1216 4425 1381 4489 einer
1440 4427 1719 4510 Anfrage
1780 4426 1984 4492 wurde
2044 4426 2156 4491 das
2220 4425 2551 4492 Decretum
2599 4425 2891 4510 generale
2938 4425 3069 4492 der

557 4526 1194 4612 Ritenkongregation
1254 4545 1390 4592 vom
1445 4530 1548 4596 30.
1590 4530 1741 4595 Juni
1793 4531 1961 4595 1896
2025 4532 2088 4595 in
2137 4530 2346 4614 Bezug
2392 4529 2506 4595 auf
2545 4529 2645 4595 die
2692 4529 3067 4597 benedictio

557 4628 849 4708 nuptialis
918 4649 994 4694 an
1080 4628 1256 4693 einen
1325 4630 1824 4699 Pfarrvorsteher
1901 4636 2020 4699 mit
2088 4634 2587 4718 Erlauterungen
2668 4632 3064 4718 mitgeteilt.
