3303 5013
1145 304 1281 356 und
1315 302 1873 372 Entseheiaunyen.
2628 284 2757 352 487

270 469 458 534 eboro
508 468 835 548 assistere,
882 471 958 534 ad
1008 472 1239 547 altare,
1287 491 1540 538 munere
1588 473 1842 538 Diaconi
1889 475 1951 539 et
1990 471 2362 539 Subdiaconi
2406 473 2761 557 fungentes,

269 572 641 638 ministrare.
710 573 808 639 Ad
861 594 1086 639 munus
1133 575 1595 641 Hebdomadari
1643 578 1990 660 missaeque
2035 576 2459 643 conventualis
2490 576 2764 643 celebra-

266 677 496 741 tionem
542 676 922 758 alternatim,
968 685 1325 746 succentore
1371 686 1640 763 excepto,
1692 682 1893 765 parati
1938 700 2176 763 semper
2223 683 2420 746 erunt.

472 782 655 866 §42
728 780 831 847 »Si
891 782 1051 848 forte
1113 785 1448 867 contigerit
1511 786 1581 849 ut
1642 786 1937 867 praefatis
1999 784 2220 850 officiis
2280 803 2386 868 pro
2448 783 2759 850 Canonico

268 887 632 965 aegrotante
688 885 782 950 vel
840 888 1097 951 absente
1158 887 1334 971 fungi
1400 889 1701 967 debeant,
1775 907 2108 972 congruam
2179 888 2756 966 remunerationem,

266 986 522 1070 duplum
570 989 810 1055 scilicet
854 991 1145 1074 stipendii
1188 992 1490 1056 manualis
1537 992 1830 1057 ordinarii
1880 992 2203 1075 accipient.

475 1091 659 1175 §412
739 1095 1081 1178 »Legitima
1151 1113 1189 1160 a
1251 1096 1435 1161 choro
1498 1102 1824 1161 excusatus
1894 1099 2207 1173 censetur,
2277 1097 2383 1179 qui
2431 1095 2523 1160 vel
2589 1097 2759 1162 senio

266 1195 501 1262 fractus
545 1200 659 1273 est,
709 1198 808 1262 vel
846 1198 1054 1264 morbo
1095 1202 1429 1282 correptus,
1480 1200 1572 1264 vel
1613 1200 1885 1266 monitus
1933 1220 1968 1264 a
2014 1200 2268 1276 medico,
2316 1206 2386 1263 ut
2429 1218 2561 1264 sese
2590 1197 2759 1264 domi

269 1300 582 1365 continere
625 1301 871 1367 debeat.

480 1403 712 1487 »Leges
758 1406 1052 1488 speciales
1098 1405 1388 1488 Capituli,
1444 1408 1561 1472 iuri
1613 1408 1926 1473 communi
1971 1426 2088 1472 non
2134 1407 2643 1484 contradicentes,
2691 1405 2756 1470 in

267 1506 305 1589 g
350 1508 434 1572 42
479 1511 768 1574 statuunt
812 1509 1253 1594 obligationem
1298 1511 1458 1593 quod
1509 1510 1773 1587 Vicarii,
1822 1512 1951 1577 loco
1997 1510 2447 1577 canonicorum
2496 1508 2757 1591 impedi·

264 1618 494 1691 torum,
541 1612 618 1677 ad
666 1633 890 1679 munus
937 1613 1400 1679 hebdomadarii
1439 1618 1505 1679 et
1542 1615 1767 1680 missae
1798 1608 2224 1680 conventualis
2256 1614 2756 1688 celebrationem,

264 1733 414 1798 erga
458 1733 793 1801 congruam
846 1718 1435 1797 remunerationem,
1483 1722 1791 1784 tenentur.
1887 1718 2060 1785 Unde
2107 1719 2279 1802 sequi
2327 1717 2588 1796 videtur,
2637 1714 2757 1781 Ca·

265 1819 550 1885 nonicum
597 1820 910 1887 infirmum
958 1822 1305 1906 obligatum
1356 1843 1509 1900 esse,
1559 1826 1629 1888 nt
1670 1822 1876 1888 officia
1920 1822 2381 1888 hebdomadarii
2428 1820 2757 1904 adimpleri

265 1925 440 1989 curet
480 1943 590 1989 suo
634 1927 887 2010 sumptu
934 1945 1041 2009 per
1090 1926 1468 1994 vicarium.
2130 2013 2136 2018 ·

474 2027 883 2109 Quamobrem
929 2030 1168 2112 duplex
1213 2033 1307 2095 est
1349 2030 1633 2113 quaestio
1679 2030 2114 2107 examinanda,
2178 2031 2372 2113 primo
2434 2048 2510 2094 an
2574 2047 2758 2117 canog-

266 2134 441 2200 nicus
485 2132 669 2199 Cosse
714 2135 1025 2217 quamvis,
1085 2136 1303 2217 utpote
1360 2138 1566 2199 mente
1612 2138 1866 2217 captus,
1926 2134 2262 2200 nullimode
2324 2135 2600 2198 animum
2648 2151 2755 2215 ap-

266 2238 591 2322 plicaverit
636 2237 713 2302 ad
760 2256 979 2303 novam
1027 2239 1439 2322 praebendam
1484 2239 1920 2317 obtinendam,
1981 2239 2139 2303 hanc
2188 2256 2398 2323 reapse
2438 2239 2759 2302 assecutus

271 2342 378 2409 sit.
470 2342 542 2407 In
586 2342 967 2426 quaestionis
1013 2343 1381 2408 solutionem
1430 2344 1509 2408 ab
1553 2344 1849 2426 Episcopo
1908 2343 2188 2427 quaesivi
2232 2341 2533 2427 quomodo
2580 2340 2759 2405 fieret

266 2464 553 2512 ascensus
600 2446 675 2511 de
723 2466 842 2514 una
886 2446 963 2512 ad
1011 2448 1204 2514 aliam
1249 2446 1665 2532 praebendam
1708 2452 1771 2514 et
1803 2447 2138 2531 Episcopus
2171 2445 2360 2512 refert
2395 2444 2753 2530 Capitulum

267 2551 638 2616 asseruisse:
698 2572 1063 2619 »ascensum
1115 2552 1203 2618 ad
1253 2552 1687 2636 praebendam
1724 2558 2048 2619 vacantem
2090 2555 2233 2632 ipso
2280 2553 2419 2617 iure
2456 2551 2601 2633 fieri
2644 2570 2757 2615 neo

265 2657 578 2737 optionem
643 2676 1008 2737 expressam
1065 2676 1178 2722 nec
1243 2677 1471 2723 notum
1526 2660 1950 2738 possessionis
2015 2663 2220 2722 actum
2281 2656 2527 2737 requiri
2570 2656 2756 2720 iuxta

271 2758 553 2839 Capituli
607 2764 845 2824 statuta
899 2780 944 2824 a
997 2758 1062 2825 S.
1108 2758 1266 2825 Sede
1315 2761 1694 2841 approbata:
1752 2761 1799 2842 ,ξ’
1848 2764 1966 2826 13.·
2030 2760 2337 2826 Canoniei
2390 2764 2448 2823 et
2503 2758 2754 2825 Vicat-ii

265 2865 380 2946 qui
418 2861 641 2928 ordine
678 2863 1040 2944 defunctum
1091 2863 1185 2929 vel
1238 2869 1593 2945 promotum
1651 2869 2018 2945 sequuntur,
2077 2863 2427 2929 ascendunt
2472 2868 2528 2928 et
2570 2883 2615 2927 a
2653 2862 2758 2927 die

264 2966 663 3032 ascensionis
718 2965 962 3031 reditus
1006 2968 1410 3033 canonicatui
1448 2987 1559 3033 seu
1591 2967 1995 3048 praebendae
2032 2968 2310 3033 adnexos
2349 2966 2752 3048 percipient«.

263 3069 504 3135 Revera
548 3069 797 3133 articuli
843 3072 1049 3134 textus
1092 3089 1205 3134 non
1254 3070 1407 3136 satis
1452 3070 1803 3155 significat,
1865 3091 2192 3138 ascensum
2244 3072 2390 3153 fieri
2426 3072 2565 3151 ipso
2606 3073 2762 3134 iure*

263 3180 323 3240 et
367 3174 596 3255 absque
637 3173 770 3239 ulla
816 3172 1152 3240 volumatis
1193 3175 1691 3258 signification&
1739 3174 1849 3240 sed
1884 3175 2091 3241 tenere
2123 3191 2446 3258 possumus
2479 3171 2753 3255 Capituli

264 3277 740 3343 declarationem
805 3278 897 3342 uti
957 3278 1322 3343 referentem
1380 3279 1886 3344 consuetudinem
1936 3277 2393 3361 Capitularem,
2452 3277 2752 3360 optimam

262 3382 478 3468 legum
521 3381 942 3464 interpretem.
1034 3381 1224 3447 Porro
1265 3381 1614 3447 huiusmodi
1668 3404 1965 3451 ascensus
2023 3401 2128 3448 seu
2172 3382 2342 3465 optio
2389 3380 2750 3454 necessaria,

261 3486 401 3569 ipso
443 3489 589 3551 iure
632 3485 960 3568 capitulari
1008 3487 1379 3565 constituta,
1448 3507 1566 3552 non
1625 3487 1999 3554 contradicit
2061 3486 2293 3569 regulis
2349 3485 2502 3551 iuris
2550 3486 2612 3549 et
2660 3485 2756 3549 est

260 3589 538 3655 iuridice
584 3589 912 3671 possibilie.
1007 3590 1204 3668 Nam,
1270 3591 1385 3657 boc
1454 3591 1518 3655 in
1578 3610 1763 3670 casn,
1823 3593 1988 3673 optio
2051 3609 2168 3655 non
2226 3590 2395 3655 cadit
2440 3590 2502 3653 in
2553 3589 2753 3671 ipsum

262 3693 698 3759 canonicarum
741 3711 848 3759 seu
896 3693 1154 3759 titulum
1204 3695 1606 3762 canonicatus
1650 3696 1755 3779 qui
1804 3713 2042 3778 semper
2088 3694 2437 3777 expostulat
2480 3692 2752 3776 aliquam

262 3797 655 3864 collationem
713 3800 780 3863 et
839 3797 982 3864 hine
1034 3798 1208 3866 tituli
1269 3798 1755 3883 acceptationem
1796 3801 2056 3867 tacitam
2096 3798 2193 3863 vel
2238 3817 2605 3880 expressam
2646 3796 2754 3861 sed

262 3901 509 3967 caderet
557 3901 619 3965 in
666 3902 1006 3985 simplicem
1053 3903 1486 3986 praebendam.
1576 3902 1891 3988 Siquidem
1953 3903 2188 3985 duplex
2239 3899 2506 3985 optionis
2562 3918 2756 3983 genus

261 4007 398 4071 iure
445 4004 761 4071 Canonum
806 4006 1249 4090 distinguitur;
1309 4008 1505 4074 altero
1559 4008 1849 4073 nimirum
1895 4026 2087 4072 novus
2136 4005 2512 4071 titulus-seu
2556 4023 2750 4069 novus

261 4110 661 4176 canonicatus
705 4110 1086 4193 acquiritur;
1149 4113 1349 4180 altero
1395 4131 1536 4177 vero
1582 4113 1875 4196 antiquus
1922 4111 2147 4177 titulus
2192 4130 2303 4177 seu
2349 4108 2752 4176 canonicatus

261 4233 385 4280 nou
431 4214 747 4279 amittitur
790 4214 896 4278 sed
942 4216 1187 4281 tantum
1237 4215 1306 4280 fit
1352 4217 1619 4282 accessio
1662 4216 1973 4281 redituum
2019 4214 2402 4299 praebendae
2463 4216 2750 4297 optatae;

255 4320 447 4400 facto,
496 4319 595 4401 (ut
638 4318 841 4402 inquit
885 4317 1204 4384 Gonzalez.
1255 4322 1367 4386 Ad
1408 4321 1567 4405 Req.
1617 4319 1895 4388 Cancell.
1937 4321 2126 4404 qloss.
2172 4325 2257 4386 34
2300 4341 2364 4386 n.
2411 4322 2523 4400 55)
2572 4323 2753 4383 tran·

259 4426 392 4490 situ
439 4423 515 4489 de
558 4444 690 4490 una
734 4423 822 4488 ad
863 4423 1065 4489 aliam
1097 4424 1538 4507 praebendam
1576 4426 1808 4507 absque
1849 4444 2004 4491 novo
2035 4424 2216 4491 titulo
2246 4431 2305 4491 et
2332 4424 2563 4505 absque
2590 4441 2753 4487 nova

248 4527 619 4609 provisione
674 4526 769 4593 vel
839 4526 1164 4594 collatione
1217 4529 1437 4594 virtute
1482 4530 1877 4610 provisionis
1941 4549 2051 4595 seu
2116 4529 2289 4595 tituli
2346 4529 2418 4592 in
2463 4526 2752 4606 prima«.

258 4630 421 4697 Saue
464 4630 875 4713 praebendam
923 4630 1226 4716 distingui
1270 4652 1306 4696 a
1354 4633 1719 4699 canonicatu
1765 4652 1871 4698 seu
1918 4652 1955 4698 a
1994 4634 2286 4709 canonia,
2333 4628 2524 4696 titulo
2569 4646 2763 4694 cano-1
