3303 5013
1129 290 1263 345 used
1299 288 1860 358 Emocaeidmzqen.
2614 269 2743 337 495

247 462 583 530 dummodo
628 466 838 528 tamen
886 463 1188 545 promissa
1232 462 1480 527 servent
1525 480 1597 526 ac
1638 477 1854 525 revera
1896 460 2251 526 abstineant
2291 462 2743 528 communicare

246 587 396 635 cum
445 567 773 633 haereticis
817 566 881 632 in
926 565 1359 650 spiritualibus
1419 567 1533 630 aut
1586 563 1924 649 quidquam
1988 563 2188 629 facere
2247 564 2409 648 quod
2473 565 2747 631 haeresis

251 672 725 757 protestativum
768 671 874 739 sit.
966 671 1136 736 Idem
1184 669 1576 737 sentiendum
1632 668 1710 733 de
1755 669 1868 745 iis,
1931 670 2035 751 qui
2091 668 2437 750 haeresim,
2495 670 2559 734 iu
2622 688 2746 753 qua

254 796 451 862 usque
496 776 576 842 ab
621 775 802 841 initio
848 774 1093 840 educati
1139 774 1330 853 fuere,
1373 773 1666 857 privatim
1709 772 2015 857 abjurent.

459 881 692 946 Fausta
734 898 1010 963 quaeque
1055 898 1127 944 ac
1166 878 1375 943 felicia
1413 877 1555 942 Tibi
1602 896 1639 941 a
1677 875 1805 942 Deo
1853 895 2081 959 precor.

1334 982 1428 1049 uti
1474 982 1666 1047 frater

425 1090 604 1155 Rmo.
653 1089 792 1154 Duo
837 1088 1138 1172 Episcopo
1185 1087 1263 1154 N.
1735 1087 1816 1153 L.
1861 1087 1961 1152 M.
2010 1084 2191 1151 Csrd.
2238 1084 2567 1153 Parocchi.

245 1365 319 1433 ὅ.
366 1365 742 1434 Nochmals
766 1366 1002 1449 einlge
1023 1365 1315 1434 Zweifel
1337 1363 1640 1432 betreffs
1667 1361 2237 1448 Interpretation
2259 1362 2381 1430 des
2397 1362 2745 1432 Delu-etos

247 1471 678 1556 „Per-pensis
737 1469 1186 1554 temporum“
1250 1470 1431 1536 liber
1494 1468 1609 1535 die
1677 1467 1814 1534 den
1876 1465 2304 1535 selei-lichen
2374 1485 2743 1537 vor-ausm-

851 1573 1330 1641 schickenden
1374 1571 1750 1640 einfachen
1796 1569 2137 1639 Gelllbde.

872 1720 949 1789 (S.
986 1719 1044 1776 C.
1080 1737 1199 1789 epp.
1236 1724 1294 1775 et
1331 1736 1453 1790 reg.
1489 1735 1542 1775 v.
1580 1718 1662 1775 13.
1699 1719 1909 1775 Jeuuar
1945 1719 2119 1787 1903.)

462 1878 701 1945 Bereits
761 1877 845 1941 im
909 1877 1158 1962 vorigen
1203 1874 1608 1940 Archivhefte
1664 1873 1753 1960 (S.
1807 1875 1929 1939 119
1970 1874 2042 1959 f.)
2108 1877 2311 1942 wurde
2365 1877 2502 1943 eine
2547 1877 2744 1943 Reihe

250 2003 366 2049 von
413 1981 957 2066 Entscheidungen
1015 1981 1122 2045 der
1170 1980 1395 2063 Congr.
1442 1998 1577 2063 epp.
1628 1982 1694 2044 et
1736 1999 1861 2064 reg.
1913 2000 2048 2046 vom
2097 1982 2202 2047 28.
2247 1981 2379 2048 Juli
2428 1981 2595 2047 1902
2641 1982 2745 2047 be-

245 2087 495 2171 zfiglicb
557 2087 664 2152 des
729 2085 1028 2150 Dekretes
1080 2083 1444 2166 ›Perpensis
1487 2084 1877 2167 temporum«
1927 2085 2143 2170 (Arcb.
2198 2085 2309 2154 Bd.
2359 2087 2443 2151 82
2488 2085 2746 2172 [1902],

245 2190 313 2256 8.
363 2190 516 2275 541)
564 2191 924 2275 mitgeteilt.
1018 2189 1089 2253 In
1137 2188 1484 2254 Anscbluss
1544 2206 1620 2251 an
1676 2187 1840 2253 diese
1889 2188 2434 2273 Entscheidungeu
2480 2190 2743 2275 erfolgte

247 2314 365 2361 von
417 2296 583 2378 Prag
628 2314 740 2359 aus
783 2294 1088 2359 abermals
1132 2292 1269 2357 eine
1319 2292 1630 2377 Anfrage,
1695 2292 1795 2358 die
1852 2293 2029 2357 nebst
2095 2294 2203 2359 der
2257 2295 2414 2359 betr.
2458 2295 2745 2361 Antwort

248 2400 386 2465 also
432 2399 667 2465 lautetz

766 2521 1153 2588 Beati-ssime
1198 2520 1431 2588 Pater!

459 2660 521 2728 S.
581 2660 1093 2745 Congregationis
1150 2661 1272 2725 Em.
1332 2672 1397 2725 et
1451 2661 1580 2725 RB..
1643 2660 1890 2725 decreto
1965 2660 2330 2743 »Perpensis
2398 2662 2741 2744 temporum

246 2765 600 2830 adiunctis‹
651 2765 757 2829 dto
804 2766 864 2829 3.
900 2764 1055 2828 Maii
1096 2763 1259 2829 1902
1305 2764 1751 2846 praescriptum
1800 2767 1915 2838 est,
1962 2766 2034 2828 ut
2075 2764 2139 2827 in
2181 2764 2744 2832 sanctimonialium

250 2868 677 2944 monasteriiS,
739 2867 803 2931 in
849 2867 1073 2949 quibus
1120 2867 1496 2931 emittuntur
1541 2869 1687 2930 vota
1728 2865 2063 2943 solemnia,
2117 2866 2217 2932 his
2263 2868 2746 2949 praemittantur

247 2990 285 3036 a
333 2970 584 3035 novitiis
643 2970 951 3052 simplicia
1009 2988 1250 3054 quoque
1312 2972 1486 3051 vota,
1548 2988 1727 3052 porro
1787 2969 2062 3036 eiusdem
2119 2971 2179 3037 8.
2230 2971 2745 3056 Congregationis

249 3092 540 3156 responso
595 3074 743 3138 dato
801 3074 863 3137 iu
907 3092 1032 3138 una
1076 3074 1448 3139 Bononiensi
1500 3074 1597 3138 die
1648 3073 1754 3139 28.
1798 3074 1960 3140 Julii
2013 3074 2176 3141 1902
2223 3077 2591 3143 resolvitur:
2637 3077 2744 3142 Ri-

244 3183 387 3244 tum
432 3196 540 3243 seu
584 3179 1058 3260 caeremoniale,
1119 3180 1181 3243 in
1232 3198 1595 3264 unoquoque
1644 3179 2017 3245 Monasterio
2063 3183 2399 3265 receptum,
2448 3181 2746 3247 adhiben-

243 3283 398 3347 dum
445 3300 575 3347 esse
621 3283 682 3346 in
729 3282 1073 3349 emittenda
1111 3283 1314 3366 prima
1352 3283 1746 3366 professione,
1793 3303 1900 3367 pro
1929 3304 2050 3368 qua
2082 3288 2410 3352 consuetae
2442 3286 2743 3353 formulae

247 3385 593 3470 suppressis
638 3385 691 3450 si
739 3385 982 3464 adsint,
1051 3387 1252 3450 verbis
1317 3386 1771 3452 solemnitatem
1842 3388 2179 3473 (votorum)
2236 3390 2741 3473 exprimentibus,

239 3491 582 3556 adiicietur
637 3489 934 3556 novitiam
996 3508 1344 3574 nuncupare
1406 3494 1550 3556 vota
1610 3491 1924 3574 simplicia
1980 3495 2153 3557 iuxta
2217 3494 2548 3559 Decretum
2595 3513 2633 3559 a
2676 3493 2736 3563 S.

249 3594 481 3679 Congr.
541 3594 661 3660 ΕΕ.
720 3595 785 3658 et
846 3593 979 3660 BR.
1036 3593 1135 3658 die
1178 3595 1237 3660 3.
1287 3594 1440 3659 Maii
1494 3594 1662 3660 1902
1709 3595 1981 3660 editum:
2035 3595 2469 3679 professionem
2530 3601 2747 3664 autem

246 3697 579 3763 secundam
628 3697 835 3764 emitti
881 3716 1055 3781 posse
1099 3698 1388 3781 privatim
1436 3699 1499 3763 in
1546 3698 1733 3765 choro
1775 3719 1885 3764 seu
1913 3699 2183 3766 oratorio
2213 3702 2506 3766 interiore
2536 3720 2741 3768 coram

250 3802 713 3867 Communitate
755 3802 818 3867 in
861 3821 1082 3867 manus
1124 3801 1604 3884 Superiorissue,
1654 3806 1902 3887 praevia
1948 3806 2385 3888 approbatione
2429 3806 2741 3871 Ordinarii

241 3924 359 3972 seu
406 3904 674 3971 Praelati
736 3905 1059 3990 Regularis
1120 3907 1318 3990 quoad
1370 3906 1753 3973 Monasteria
1799 3910 2103 3991 exempta.
2194 3907 2463 3974 Sancitis
2514 3911 2740 4006 igitur:

248 4010 314 4075 in
356 4011 557 4094 prima
600 4011 973 4095 simplicium
1025 4015 1303 4078 votorum
1353 4012 1723 4096 professione
1770 4012 1957 4077 ritum
2005 4016 2353 4096 receptum,
2399 4015 2742 4098 suppressis

242 4115 450 4179 solum
498 4116 698 4180 verbis
743 4117 1197 4182 solemnitatem
1246 4119 1526 4183 votorum
1573 4118 2052 4203 exprimentibus
2114 4137 2245 4183 esse
2303 4118 2738 4199 adhibendum,

239 4219 436 4301 atque
477 4218 808 4284 secundam
855 4218 1223 4285 solemnium
1272 4223 1554 4286 votorum
1617 4220 2054 4303 professionem
2111 4242 2286 4305 posse
2347 4224 2552 4288 emitti
2614 4224 2742 4307 pri-

248 4323 468 4401 vatim,
517 4323 665 4387 baec
710 4322 1021 4387 dubitatio
1066 4325 1220 4389 mibi
1268 4329 1582 4390 movetur:

463 4425 517 4491 1.
578 4426 751 4491 Sitne
813 4425 1122 4492 Ordinarii
1188 4428 1320 4507 vel,
1382 4429 1582 4512 quoad
1643 4429 2020 4496 Monasteria
2075 4434 2399 4515 exempta,
2456 4431 2738 4496 Praelati

251 4530 616 4612 RegulariS,
683 4530 897 4595 audito
957 4530 1408 4612 Superiorissae
1465 4538 1606 4598 voto
1653 4534 1975 4599 decernere
2040 4537 2109 4600 ut
2173 4536 2441 4601 secunda
2502 4552 2743 4616 quoque

241 4632 545 4716 professio
592 4634 834 4717 publice
884 4634 996 4700 fiat
1044 4653 1248 4700 coram
1297 4635 1620 4702 Ordinatio
1666 4638 1759 4702 vel
1806 4638 2120 4704 ordinarii
2168 4637 2655 4704 commissario?

2398 4741 2532 4805 32*
