3303 5013
1227 319 1363 376 und
1394 314 1956 392 Entecheidunqm.
2710 298 2839 370 685

354 493 526 559 Haec
570 494 699 577 ipse
743 494 909 559 Deus
939 511 1048 558 nos
1079 493 1368 559 admonet
1396 492 1460 558 in
1493 491 1829 576 Scripturis
1860 492 2115 560 sanctis.
2176 493 2570 561 Dissimulat
2601 494 2840 561 scilicet

335 604 599 683 peccata
642 597 1066 684 hominunm),
1124 617 1272 663 suae
1339 597 1532 663 veluti
1597 597 1907 681 potentiae
1965 616 2037 662 ac
2092 599 2438 665 maiestatis
2479 600 2836 665 immemor:

350 724 487 770 mox
534 722 693 783 vere,
741 706 878 787 post
924 703 1327 769 adumbratos
1372 721 1667 781 recessus,
1723 707 2029 769 excitatus
2073 708 2395 785 tamquam
2425 710 2653 787 potens
2690 725 2832 769 cra·

344 809 600 891 palatus
642 830 687 875 a
722 811 869 875 vino
888 811 960 891 ²),
1005 809 1357 892 confrinyet
1398 811 1612 890 capita
1658 808 2061 874 inimicorum
2102 829 2360 875 suorum
2378 809 2465 892 ε’);
2521 813 2593 874 ut
2633 808 2838 873 norint

347 932 443 977 om
452 933 557 978 nes
601 915 897 996 quoniam
938 935 1055 980 rex
1097 914 1301 980 omnis
1343 919 1552 979 terrae
1593 912 1774 979 Deus
1795 913 1847 996 ⁴)
1868 961 1885 990 ,
1940 919 1998 978 et
2040 914 2246 979 sciant
2288 919 2496 996 yentes
2539 915 2837 997 quoniam

346 1018 630 1086 homines
668 1025 818 1085 sunt
832 1020 907 1103 Ι5).

242 1204 251 1211 ‚
556 1123 728 1188 Haec
772 1123 1049 1207 quidem,
1119 1121 1511 1188 venerabiles
1566 1122 1836 1200 Fratres,
1902 1122 2019 1187 fide
2076 1125 2246 1187 certa
2290 1124 2577 1189 tenemus
2624 1126 2688 1188 et
2732 1142 2835 1189 ex·

346 1231 684 1310 pectamus.
774 1228 1074 1292 Attamen
1119 1246 1234 1291 non
1281 1245 1355 1293 ea
1397 1226 1745 1309 impediunt
1789 1228 2133 1310 quominus,
2183 1246 2293 1310 pro
2333 1229 2543 1293 nostra
2573 1227 2834 1311 quisque

345 1334 540 1415 parte,
591 1332 703 1397 Dei
747 1351 898 1415 opus
946 1331 1383 1397 maturandum
1433 1350 1540 1395 nos
1585 1332 1776 1398 etiam
1822 1350 2142 1397 curemus:
2201 1332 2419 1415 idque,
2469 1351 2585 1397 non
2632 1332 2833 1397 solum

345 1436 748 1520 efflagitando
819 1435 1096 1503 assidue:
1175 1436 1473 1520 Faxsurye
1493 1487 1508 1515 ,
1571 1436 1874 1515 Domine,
1934 1457 2062 1503 non
2113 1437 2493 1521 confortetur
2549 1437 2726 1505 homo
2744 1436 2834 1522 ⁸);

344 1560 592 1620 verum,
654 1541 815 1625 quod
863 1541 1001 1625 plus
1046 1542 1333 1620 interest,
1401 1561 1463 1606 re
1505 1543 1570 1606 et
1613 1542 1827 1619 verbo,
1892 1541 2028 1606 luce
2072 1542 2315 1625 palam,
2367 1561 2722 1625 supremum
2769 1543 2832 1606 in

348 1645 628 1711 homines
674 1664 745 1710 ac
786 1649 1043 1711 naturas
1088 1651 1326 1711 ceteras
1377 1645 1488 1711 Dei
1535 1645 1922 1711 dominatum
1955 1644 2289 1712 adserendo
2325 1646 2831 1730 vindicandoque,

346 1753 416 1816 ut
461 1750 611 1837 Eius
659 1749 1001 1834 imperandi
1046 1751 1141 1815 ius
1185 1770 1257 1817 ac
1299 1752 1572 1834 potestas
1617 1754 1832 1817 sancte
1877 1752 2116 1816 colatur
2161 1751 2239 1816 ab
2285 1751 2568 1817 omnibus
2613 1754 2677 1817 et
2721 1751 2834 1817 ob-

340 1857 636 1922 servetur.
697 1892 784 1903 --
844 1855 1021 1938 Quod
1083 1855 1266 1940 plane
1307 1875 1421 1921 non
1473 1855 1651 1921 modo
1690 1855 1961 1921 officium
2010 1856 2290 1939 postulat
2334 1874 2372 1919 a
2414 1859 2641 1921 natura
2686 1875 2825 1941 pro-

343 1959 608 2039 fectum,
670 1980 883 2026 verum
947 1961 1137 2026 etiam
1198 1961 1473 2026 comunis
1530 1961 1775 2027 utilitas
1823 1961 2017 2026 nostri
2058 1961 2321 2044 generis.
2411 1958 2831 2041 Quorumnam

345 2066 591 2143 etenim,
628 2064 1024 2131 Venerabiles
1055 2066 1323 2142 Fratres,
1358 2067 1597 2132 animos
1630 2084 1747 2130 non
1782 2065 2069 2131 conficiat
2097 2065 2434 2149 trepidatio
2465 2085 2539 2132 ac
2572 2083 2830 2143 moeror,

341 2189 527 2252 quum
579 2170 854 2236 homines
895 2171 1177 2247 videant,
1226 2172 1464 2253 partem
1508 2170 1872 2251 maximam,
1929 2170 2074 2235 dum
2122 2170 2370 2255 quidem
2420 2171 2831 2236 humanitatis

344 2292 698 2359 progressus
745 2273 912 2340 haud
957 2275 1268 2341 immerito
1312 2275 1730 2354 extolluntur,
1789 2276 1883 2340 ita
1941 2275 2279 2359 digladiari
2333 2275 2626 2342 atrociter
2670 2276 2831 2341 inter

343 2398 442 2455 se,
505 2383 578 2444 ut
640 2374 766 2445 fe're
825 2379 912 2444 sit
950 2364 1225 2446 omnium
1272 2379 1335 2445 in
1383 2399 1593 2447 omnes
1638 2383 1895 2466 pugna?
1973 2379 2297 2465 Cupiditas
2343 2382 2511 2464 pacis
2553 2381 2828 2446 omnium

340 2483 614 2568 profecto
677 2487 922 2569 pectora
982 2485 1281 2571 attingit,
1344 2505 1601 2572 eamque
1661 2504 1838 2553 nemo
1898 2488 1994 2553 est
2045 2486 2150 2570 qui
2197 2504 2314 2551 non
2364 2486 2604 2552 invocet
2649 2484 2829 2552 vehe-

341 2594 598 2656 menter.
712 2591 839 2656 Pax
907 2594 1155 2670 tamen,
1233 2593 1458 2657 reiecto
1529 2591 1835 2669 Numine,
1903 2590 2165 2656 absurde
2232 2590 2596 2674 quaeritur:
2668 2592 2829 2657 unde

340 2714 606 2780 namque
653 2696 829 2762 abest
881 2697 1077 2773 Deus,
1124 2696 1368 2761 iustitia
1409 2696 1685 2773 exsulat3
1745 2695 2115 2778 sublataque
2160 2695 2439 2774 iustitia,
2485 2696 2719 2762 frustra
2763 2697 2828 2761 in

337 2819 510 2884 spem
558 2799 725 2884 pacis
772 2799 1033 2865 venitur.
1100 2800 1275 2883 Opus
1316 2801 1599 2867 institiae
1628 2822 1772 2884 pax
1790 2801 1860 2884 ⁷).
1903 2836 1989 2847 —
2033 2800 2333 2866 Novimus
2382 2801 2666 2884 equidem
2707 2820 2827 2866 non

337 2923 563 2989 paucos
609 2924 759 2982 esse,
808 2905 913 2990 qui
957 2906 1163 2971 studio
1205 2905 1374 2988 pacis
1415 2905 1609 2982 ducti,
1657 2904 2146 2987 tranquillitatis
2193 2924 2410 2988 nempe
2457 2905 2725 2984 ordinis,
2760 2906 2824 2971 in

336 3011 545 3075 coetus
591 3009 1005 3094 factionesque
1045 3009 1412 3088 coalescunt,
1463 3028 1621 3094 quae
1670 3009 1746 3075 ab
1778 3010 1998 3076 ordine
2028 3010 2369 3078 nominant.
2421 3010 2580 3076 Proh
2611 3012 2820 3076 tamen

335 3132 473 3197 spes
518 3132 819 3197 curasque
858 3114 1107 3183 inanes!
1198 3115 1410 3179 Partes
1454 3114 1743 3193 ordinis,
1807 3132 1963 3198 quae
2025 3132 2235 3197 pacem
2286 3113 2503 3180 afferre
2551 3115 2822 3180 turbatis

338 3219 517 3284 rebus
561 3237 770 3304 reapse
811 3222 1074 3302 queant,
1131 3238 1287 3284 unae
1329 3221 1510 3285 sunt:
1576 3221 1781 3302 partes
1829 3218 2167 3286 faventium
2219 3219 2365 3286 Deo.
2452 3220 2583 3285 Has
2629 3219 2827 3304 igitur

338 3342 688 3406 promovere
736 3342 976 3391 necesse
1022 3328 1135 3401 est,
1186 3325 1261 3389 ad
1310 3343 1536 3408 easque
1576 3343 1697 3408 quo
1739 3324 1956 3390 licebit
2000 3324 2208 3408 plures
2251 3324 2572 3404 adducere,
2628 3324 2680 3390 si
2728 3344 2823 3390 se-

335 3428 623 3495 curitatis
669 3447 876 3494 amore
919 3429 1276 3495 incitamur.

545 3533 770 3600 Verum
821 3534 973 3599 haec
1018 3535 1169 3617 ipsa,
1219 3534 1614 3600 venerabiles
1662 3533 1925 3612 Fratres,
1973 3533 2384 3599 humanarum
2426 3534 2707 3618 gentium
2742 3534 2821 3599 ad

335 3638 722 3704 maiestatem
771 3637 883 3703 Dei
927 3639 1374 3724 imperiumque
1433 3639 1743 3705 revocatio
1770 3687 1787 3719 ,
1848 3639 2247 3722 quantumvis
2307 3638 2458 3705 licet
2511 3657 2820 3719 conemur,

335 3762 672 3828 numquam
722 3744 839 3808 nisi
887 3763 993 3827 per
1032 3744 1235 3809 lesum
1283 3744 1599 3811 Christum
1649 3743 1910 3810 eveniet.
1975 3744 2193 3810 Monet
2235 3744 2399 3809 enim
2450 3743 2819 3827 Apostolus:

333 3848 842 3916 Fundamentum
899 3849 1084 3915 alind
1138 3870 1315 3916 nemo
1360 3854 1568 3933 potest
1620 3869 1857 3931 ponere
1906 3855 2163 3932 praeter
2219 3850 2292 3916 id
2350 3850 2514 3932 quod
2550 3852 2822 3932 positum

333 3957 451 4028 est,
510 3955 675 4034 quod
718 3961 807 4020 est
856 3954 1141 4020 Christus
1184 3955 1363 4021 Iesus
1379 3953 1455 4039 ⁸).
1524 3935 1791 4019 “Scilicet
1839 3973 1994 4019 unus
2039 3953 2169 4038 ipse
2215 3956 2344 4033 est,
2402 3976 2581 4039 quem
2629 3954 2825 4021 Pater

332 4056 754 4136 sanctificavit
796 4065 852 4123 et
897 4061 1073 4124 mis-it
1117 4060 1189 4124 in
1224 4060 1527 4126 mundum
1546 4063 1637 4144 ⁹),·
1696 4059 1994 4141 splendor
2044 4060 2271 4127 Patris
2328 4066 2385 4126 et
2421 4061 2638 4144 fiqura
2680 4060 2824 4126 sub·

331 4161 604 4224 stantiae
646 4163 783 4226 eius
804 4162 919 4245 ¹⁰),
983 4161 1150 4228 Deus
1195 4182 1370 4229 verus
1418 4184 1716 4248 verusque
1765 4165 1979 4230 homo:
2042 4165 2174 4230 sine
2236 4184 2386 4248 quc,
2455 4164 2688 4243 Deum,
2750 4165 2823 4230 ut

332 4266 605 4348 oportet,
670 4284 998 4349 agnoscere
1045 4286 1220 4334 nemo
1265 4271 1494 4353 possit;
1562 4289 1704 4334 nam
1753 4291 1945 4353 neque
1991 4269 2245 4337 Patrem
2288 4272 2428 4354 quis
2475 4271 2647 4337 novit
2691 4270 2821 4336 nisi

330 4368 574 4451 Filius,
618 4376 677 4437 et
720 4375 824 4437 cni
867 4372 1132 4440 voluerit
1174 4375 1394 4441 Filius
1436 4374 1715 4442 revelare
1734 4375 1833 4458 ¹¹).
1883 4409 1960 4421 —
2012 4374 2095 4439 Ex
2139 4393 2259 4459 quo
2289 4375 2703 4459 consequitur,
2747 4376 2820 4438 ut

543 4565 590 4630 1)
647 4566 771 4637 Sap.
826 4565 939 4632 xl,
997 4568 1082 4622 24.
1142 4597 1206 4608 —
1262 4568 1317 4636 2)
1367 4567 1453 4624 Ps.
1505 4567 1797 4630 LXXVII,
1855 4568 1941 4622 65.
1997 4597 2060 4607 —
2115 4567 2171 4634 3)
2220 4565 2300 4622 Ib.
2346 4565 2583 4633 van,
2626 4567 2710 4622 22.
2755 4595 2819 4607 --

327 4634 1512 4776 ξς12123ῑ1ῑ712·,772--712117211712;7277;
1549 4637 2002 4777 neem
2033 4666 2108 4746 z
2146 4635 2818 4778 32177273717721277-
