3303 5013
2662 284 2793 351 483

304 810 424 894 II.
477 810 1013 893 Kirchliche
1066 808 1680 914 Aktenstiicke
1734 810 1919 895 und
1970 810 2787 912 Entscheidungen.

432 1097 486 1164 1.
552 1097 698 1165 Der
738 1113 884 1181 sog.
930 1097 1233 1167 liberale
1276 1098 1847 1169 Katholinsmus
1890 1100 2033 1168 und
2078 1099 2675 1168 Rationalismus.

908 1271 1038 1337 Leo
1089 1270 1300 1341 XIII.
1346 1273 1434 1339 ad
1477 1273 1827 1358 Episcopo-s
1875 1274 2173 1359 Anyliae.

515 1408 624 1472 »ln
687 1409 972 1474 maximis
1033 1411 1540 1494 occupationibus
1594 1412 1936 1497 varriisque
1995 1411 2445 1478 acerbitatibus
2497 1410 2790 1476 solatium

305 1512 501 1577 Nobis
561 1531 679 1579 non
745 1512 1051 1579 mediocre
1109 1532 1351 1597 semper
1411 1516 1632 1581 afferre
1701 1515 2019 1582 consuevit
2082 1534 2325 1580 summa
2383 1517 2449 1579 et
2500 1516 2793 1579 constans

303 1615 744 1700 Episcoporum
792 1635 936 1682 cum
984 1618 1341 1701 Apostolica
1385 1618 1541 1685 Sede
1588 1619 1960 1704 conjunctio.
2044 1618 2181 1700 Qua
2235 1618 2418 1684 laude
2478 1618 2792 1683 abundare

305 1738 431 1797 vos,
483 1720 880 1786 venerabiles
923 1721 1208 1802 Fratres,
1257 1725 1323 1788 et
1366 1724 1552 1789 antea
1594 1741 2114 1808 cognoveramus,
2184 1726 2250 1789 et
2309 1723 2422 1789 boc
2482 1726 2792 1807 postremo

300 1827 579 1908 tempore
623 1824 787 1891 idem
831 1826 1239 1909 agnovimus3
1300 1847 1419 1912 quo
1481 1830 1757 1912 tempore
1818 1846 2174 1894 communes
2232 1827 2474 1893 litteras
2536 1829 2791 1905 vestras,

301 1928 380 1994 ad
425 1930 717 2013 populum
768 1947 873 2012 pro
921 1932 1225 2013 potestate
1270 1932 1486 2010 datas,
1549 1932 1804 1999 Nostris
1865 1931 2278 2017 subjiciendas
2322 1931 2551 2011 oculis,
2615 1949 2793 1995 cura·

301 2033 498 2113 vistis,
551 2053 695 2098 num
742 2034 1178 2116 responderent
1218 2034 1453 2118 judicio
1499 2037 1733 2102 Nostro
1776 2036 2159 2121 exquisituri.

510 2135 837 2221 Sapientes
881 2138 1026 2204 illae
1075 2138 1242 2205 visae
1281 2142 1430 2206 sunt
1474 2146 1539 2205 et
1583 2159 1823 2224 graves.
1918 2140 2039 2205 Vos
2102 2139 2395 2205 videlicet
2457 2158 2494 2204 a
2555 2137 2795 2223 Spiritu

303 2238 532 2311 Sancto
591 2241 776 2324 positi
841 2242 1123 2326 Episcopi
1184 2261 1398 2329 regere
1456 2262 1635 2309 suam
1695 2245 1956 2329 quisque
2009 2245 2245 2326 partem
2296 2242 2609 2311 Ecclesiae
2653 2242 2789 2321 Dei,

303 2345 499 2410 nostis
565 2345 796 2428 optime
862 2347 1137 2412 omnium
1204 2347 1351 2431 quid
1422 2350 1698 2430 postulet
1762 2348 2128 2433 populorum
2200 2350 2541 2414 vestrorum
2600 2346 2789 2424 salus,

303 2451 490 2532 atque
533 2450 633 2529 id,
699 2451 861 2534 quod
929 2451 1095 2518 facto
1160 2470 1313 2536 opus
1382 2456 1514 2532 est,
1587 2454 1953 2538 tempestive
2010 2453 2288 2519 suadetis
2331 2454 2396 2518 et
2442 2452 2792 2536 prudenter.

300 2553 507 2620 Nimis
547 2558 644 2620 est
694 2556 946 2640 cognita
991 2556 1321 2639 pernicies,
1382 2576 1542 2642 quae
1587 2558 1814 2641 partim
1861 2561 2124 2640 premit,
2169 2559 2408 2641 partem
2457 2556 2794 2639 impendet,

300 2677 372 2723 ex
417 2659 806 2741 opinionibus
856 2661 930 2724 iis
980 2660 1405 2740 fallacisimis,
1466 2680 1729 2745 quarum
1793 2662 2146 2727 universum
2213 2679 2410 2743 genus
2477 2661 2791 2745 designari

307 2762 776 2829 »Catholicismi
821 2763 1159 2828 Liberalis‹
1212 2764 1600 2847 appelatione
1645 2765 1822 2829 solet.
1885 2764 2386 2848 Magnitudinem
2416 2763 2791 2830 discriminis

299 2867 460 2950 quod
528 2867 593 2930 in
655 2866 1031 2931 catholicum
1101 2885 1317 2932 nomen
1387 2869 1548 2952 apud
1620 2868 1854 2951 Anglos
1919 2868 2034 2933 boc
2095 2871 2368 2951 tempore
2426 2868 2791 2946 intenditur,

302 2988 690 3055 nequaquam
735 2970 981 3054 augetis
1026 2970 1316 3050 dicendo,
1372 2972 1478 3035 sed
1534 2972 1881 3055 cujusmodi
1935 2973 2032 3037 est
2089 2971 2468 3055 exprimitis;
2522 2971 2796 3054 itemque

299 3075 365 3139 in
413 3074 798 3139 documentis
860 3075 1322 3159 praeceptisque
1367 3075 1682 3141 Ecclesiae
1727 3075 1925 3140 defixa
1958 3125 1973 3154 ,
2026 3075 2181 3140 nibil
2242 3076 2409 3141 ultra
2468 3076 2795 3141 veritatem

296 3181 506 3244 vestra
548 3177 817 3244 excurrit
860 3178 1078 3246 oratio.
1169 3178 1343 3260 Quod
1386 3180 1547 3245 enim
1593 3178 1886 3258 docendo,
1934 3180 2093 3264 quod
2144 3180 2442 3246 monendo
2487 3179 2788 3263 complexi

297 3283 468 3361 estis,
516 3283 580 3347 id
623 3286 720 3348 est
759 3301 939 3348 omne
986 3302 1023 3347 a
1069 3283 1509 3349 Decessoribus
1556 3284 1804 3350 Nostris
1850 3302 2029 3368 saepe
2076 3286 2440 3361 tractatum,
2487 3304 2523 3349 a
2572 3285 2785 3348 Patri·

296 3388 414 3456 bus
461 3387 719 3454 concilii
771 3387 1057 3452 Vaticani
1102 3386 1395 3453 distincte
1442 3388 1780 3469 traditum,
1828 3407 1866 3454 a
1910 3389 2390 3472 Nobismetipsis
2433 3407 2551 3454 non
2599 3388 2790 3454 semel

294 3492 394 3558 vel
440 3510 721 3559 sermone
766 3491 1156 3558 illustratum
1200 3492 1297 3557 vel
1344 3493 1595 3559 litteris.

508 3596 992 3662 Saluberrimum
1043 3596 1389 3678 consilium,
1446 3597 1650 3662 caveri
1699 3615 1737 3661 a
1787 3596 2314 3662 ›Rationalismo‹
2361 3597 2638 3681 jussisse,
2682 3598 2786 3681 qui

297 3700 523 3767 callide
570 3704 931 3784 versuteque
979 3702 1319 3785 grassatur,
1382 3720 1494 3767 nec
1553 3719 1854 3766 venenum
1915 3703 2012 3766 est
2073 3701 2271 3766 ullum
2338 3700 2482 3765 fidei
2541 3699 2786 3765 divinae

300 3802 640 3872 nocentius.
730 3803 1053 3889 Similique
1101 3805 1335 3871 ratione
1375 3804 1525 3891 quid
1573 3805 1822 3885 rectius,
1873 3823 2060 3889 quam
2102 3804 2262 3889 quod
2311 3807 2706 3888 praeceptum
2753 3823 2791 3869 a

298 3908 487 3973 Vobis
532 3911 630 3975 est
674 3908 749 3973 de
793 3909 1086 3994 obsequio
1137 3909 1456 3993 Episcopis
1503 3909 1762 3975 debito?
1805 3908 2122 3993 Siquidem
2168 3908 2501 3992 episcopali
2540 3909 2789 3973 subesse

297 4032 370 4079 ac
417 4031 627 4096 parere
672 4015 968 4096 potestati
1013 4014 1186 4079 nullo
1230 4015 1413 4081 modo
1454 4014 1623 4099 optio
1658 4015 1772 4092 est,
1819 4013 1925 4079 sed
1960 4013 2139 4097 plane
2171 4013 2466 4091 officium,
2506 4014 2791 4097 idemque

295 4118 713 4201 praecipuum,
763 4119 1137 4184 constitutae
1180 4119 1480 4185 divinitus
1525 4119 1836 4183 Ecclesiae
1885 4117 2377 4185 fundamentum.

505 4220 728 4305 Itaque
776 4220 943 4287 hisce
990 4241 1095 4287 vos
1138 4222 1214 4287 de
1252 4224 1434 4289 rebus
1480 4224 1543 4289 et
1580 4222 1910 4289 laudamus
1943 4241 2311 4307 magnopere
2344 4225 2408 4287 et
2441 4223 2789 4305 probamus.

296 4324 469 4407 Quae
514 4329 721 4389 autem
761 4329 1256 4391 commemoratis
1317 4327 1594 4393 dolenter
1641 4327 1839 4404 mala,
1905 4327 1968 4391 et
2027 4329 2194 4392 recte
2255 4326 2666 4393 sentientibus
2714 4326 2790 4389 ad

297 4429 788 4513 praecavendum
836 4429 1183 4508 ostenditis,
1232 4450 1303 4496 ex
1347 4450 1417 4497 eo
1460 4430 1608 4509 fere,
1656 4435 1730 4496 ut
1773 4429 1976 4513 prima
2018 4430 2094 4495 ab
2141 4432 2398 4513 origine,
2452 4440 2794 4495 nascuntur

294 4534 457 4618 quod
534 4533 826 4598 mundani
900 4534 1036 4617 plus
1103 4535 1292 4599 nimio
1362 4536 1610 4601 valuere
1679 4535 1970 4618 spiritus,
2046 4533 2497 4616 refugientibus
2565 4533 2791 4598 animis

295 4638 701 4704 christianam
748 4637 1255 4704 consuetudinem
1304 4639 1616 4722 patiendi,
1674 4643 1861 4723 atque
1900 4637 1979 4703 ad
2026 4638 2308 4703 molliora
2353 4636 2782 4703 defluentibus.
