3303 5013
456 308 582 373 700
1290 324 1641 379 Kirchliche
1685 323 2085 379 Akeemwcke

454 517 549 564 res
596 496 999 581 disceptanda
1042 497 1352 580 proposit-a
1398 498 1510 572 est,
1570 500 1634 562 et
1680 515 1751 561 ex
1794 496 2211 579 quadraginta
2256 491 2623 562 consiliariis
2669 491 2943 558 Consilio

454 601 833 685 conscriptiS,
870 602 1012 667 huic
1045 602 1472 667 deliberationi
1510 620 1666 666 unus
1698 603 1761 666 et
1792 602 2013 684 viginti
2050 604 2285 685 partem
2323 600 2706 675 habuerunt;
2755 601 2945 682 atque

452 709 590 773 octo
653 710 718 771 et
783 705 992 770 decern
1049 705 1410 789 suffragium
1485 705 1787 770 dederunt
1855 725 1962 789 pro
2033 703 2421 788 imploranda
2490 704 2566 767 ab
2638 701 2945 784 Episcopo

456 811 767 895 paroeciae
813 809 1110 876 divisione
1153 809 1406 894 reliquis
1450 810 1649 875 tribus
1682 810 2270 875 contradicentibus,
2315 844 2400 855 -
2448 806 2655 872 Etiam
2689 806 2766 870 de
2797 805 2943 871 dote

453 915 883 981 constituenda
948 921 1157 979 actum
1220 918 1348 991 est;
1419 916 1483 979 et
1542 916 1850 979 statutum
1912 914 2051 989 tuit,
2114 913 2179 976 in
2240 912 2444 977 dotem
2506 910 2769 975 attribui
2832 910 2942 974 lib.

454 1039 687 1084 annuas
751 1021 1125 1104 quinqentas
1188 1018 1388 1101 (500),
1459 1018 1826 1101 easdemque
1903 1018 2095 1083 veluti
2166 1034 2560 1099 compensare
2626 1034 2941 1079 summam

456 1124 745 1206 pecuniae
809 1123 954 1187 olim
1004 1123 1240 1187 solutae
1303 1122 1488 1187 titulo
1547 1130 1811 1205 quernae
1849 1124 2230 1204 samariae
2290 1120 2471 1185 modo
2524 1120 2807 1185 abolitae.
2856 1155 2943 1165 --

455 1227 733 1309 Quanam
794 1227 1032 1292 ratione
1091 1230 1298 1291 autem
1368 1227 1542 1292 fieret
1604 1228 1755 1292 haec
1819 1227 2186 1311 praestatio,
2257 1244 2329 1290 ex
2388 1224 2545 1291 actis
2604 1223 2760 1288 satis
2822 1240 2940 1286 non

456 1333 715 1399 constat.

666 1435 1179 1519 Archiepiscopus
1212 1409 1603 1500 a⁴nnuendum
1638 1435 1879 1501 censuit
1928 1438 2069 1500 voto
2105 1431 2443 1514 municipii,
2493 1448 2711 1495 novam
2745 1429 2941 1493 erexit

454 1539 818 1623 paroeciam,
865 1540 1043 1623 eique
1088 1558 1481 1604 oeconomum
1513 1538 1900 1622 spiritualem
1933 1538 2310 1603 sacerdotem
2344 1537 2632 1601 Ioannem
2662 1533 2942 1599 Scrofani

455 1644 794 1727 deputavit.
895 1643 1186 1728 Equidem
1231 1644 1328 1707 die
1374 1644 1475 1709 23.
1528 1645 1686 1727 Aug.
1744 1642 1898 1709 1901
1953 1643 2066 1707 hoc
2115 1642 2310 1707 edidit
2350 1642 2700 1706 decretum:

668 1749 796 1813 »Ea
836 1768 992 1831 quae
1038 1748 1376 1813 animarum
1412 1747 1687 1830 pericula
1716 1748 2084 1813 submovent
2131 1749 2195 1811 et
2225 1746 2447 1829 populo
2478 1743 2674 1809 Nobis
2704 1740 2944 1806 credito

456 1853 762 1917 levamina
823 1853 1131 1936 praebent,
1201 1851 1414 1916 sedulo
1471 1852 1934 1934 amplectentes,
2003 1848 2555 1934 supplicationibus
2619 1846 2942 1911 hominum

458 1956 789 2039 Ragusiae,
856 1956 1024 2020 urbis
1100 1957 1161 2019 in
1210 1954 1848 2041 NostraSyracusaua
1891 1954 2350 2023 Archidioecesi
2400 1950 2738 2029 existentis,
2800 1968 2943 2031 por-

456 2061 642 2125 rectis
710 2080 815 2142 per
884 2060 1157 2143 publicos
1227 2060 1697 2142 Municipalium
1769 2079 1971 2124 rerum
2035 2059 2187 2124 inibi
2247 2057 2578 2124 Curatores
2631 2053 2945 2129 inclinati,

456 2163 678 2245 quibus
744 2163 1021 2229 dolentes
1084 2164 1280 2227 Nobis
1337 2166 1771 2245 exposuerunt,
1834 2163 1993 2247 quod
2039 2162 2295 2246 populus
2346 2162 2732 2245 Ragusanus,
2804 2157 2945 2241 plus

457 2284 648 2350 aequo
702 2266 778 2332 ad
837 2268 1101 2349 triginta
1147 2268 1270 2333 tria
1315 2268 1585 2350 capitum
1645 2268 1843 2334 millia
1907 2270 2146 2346 auctus,
2221 2267 2333 2331 sub
2397 2266 2695 2330 hactenus
2757 2262 2943 2326 unica

456 2371 514 2439 S.
564 2372 812 2436 Ioannis
866 2372 1182 2456 Baptistae
1234 2372 1549 2449 Parochia,
1615 2393 1754 2438 cum
1806 2392 2030 2455 magno
2079 2371 2463 2438 incommodo
2508 2368 2703 2454 quoad
2749 2366 2943 2431 susci·

457 2475 679 2561 pianda
730 2473 1131 2542 Sacramenta
1177 2479 1240 2542 et
1280 2476 1558 2542 divinum
1593 2477 1863 2543 Verbum
1914 2476 2285 2543 audiendum
2335 2475 2713 2560 congeritur,
2774 2470 2937 2557 quod

457 2581 790 2646 incolentes
824 2582 1175 2646 remotiores
1203 2582 1370 2646 urbis
1401 2600 1537 2646 oras
1569 2581 1644 2647 ad
1673 2581 2051 2647 occidentem
2088 2585 2429 2666 vergente8‚
2460 2599 2652 2665 quum
2688 2577 2940 2644 obstent

455 2686 648 2750 ardua
700 2686 955 2763 viarum,
997 2705 1155 2768 quae
1200 2686 1331 2752 luto
1376 2690 1439 2751 et
1468 2687 1847 2751 torrentibus
1880 2686 2103 2764 hieme,
2151 2687 2326 2752 aestu
2375 2687 2437 2751 et
2483 2683 2654 2749 arido
2686 2682 2939 2767 pulvere

456 2790 694 2854 aestate
757 2789 1024 2855 faticant
1084 2793 1149 2854 et
1193 2790 1406 2855 laxant
1451 2793 1685 2862 euntes,
1749 2809 1864 2855 non
1915 2791 2170 2873 possunt
2229 2788 2588 2873 praesertim
2652 2806 2829 2851 senes
2874 2789 2938 2851 et

454 2894 644 2976 pueri,
695 2894 933 2976 puellae
978 2913 1050 2959 ac
1096 2894 1327 2960 debiles
1374 2895 1446 2959 ad
1498 2895 1741 2959 unicam
1784 2893 1846 2961 S.
1880 2895 2129 2960 Ioannis
2162 2894 2479 2977 Baptistae
2505 2891 2935 2958 Parochialem

458 2999 814 3074 Ecclesiam,
873 2999 1103 3082 absque
1143 3000 1413 3064 maxima
1459 2998 1830 3064 difficultate
1874 3001 1939 3063 et
1979 2999 2263 3082 periculo,
2329 3017 2399 3063 eo
2446 2997 2837 3081 potissimum
2886 2995 2938 3060 si

455 3102 572 3168 loci
618 3102 784 3166 illius
829 3105 1294 3186 nostrorumque
1339 3104 1685 3187 temporum
1751 3103 2053 3169 habeatur
2099 3103 2278 3181 ratio,
2337 3100 2624 3166 accedere
2685 3119 2794 3184 pro
2840 3100 2936 3164 di-

459 3207 612 3272 vinis
658 3206 879 3274 officiis
927 3206 1247 3272 audiendis
1306 3211 1370 3273 et
1415 3208 1822 3291 percipiendis
1868 3208 2304 3282 sacramentis;
2378 3206 2540 3290 quod
2608 3225 2717 3271 nec
2779 3206 2939 3270 satis

454 3330 565 3377 nec
602 3314 742 3377 tuto
787 3311 1094 3394 provisum
1142 3311 1326 3376 fuerit
1372 3312 1565 3378 tantis
1611 3313 1795 3377 malis
1839 3316 1903 3377 et
1946 3311 2345 3377 incommodis
2394 3309 2780 3375 removendis
2828 3329 2936 3394 per

453 3416 890 3482 subsidiarium
952 3417 1338 3499 capellanum
1398 3418 1989 3502 capellanorumque‘
2036 3417 2411 3496 remedium3
2483 3436 2675 3501 quum
2743 3415 2939 3479 nihilo

452 3520 651 3585 secius
698 3521 919 3603 plureS,
982 3521 1041 3586 in
1090 3521 1434 3603 spiritualis
1496 3523 1624 3586 vice
1689 3523 1870 3587 huius
1947 3521 2200 3588 Parecbi
2274 3540 2381 3604 per
2427 3520 2778 3604 capellanos
2828 3538 2934 3584 ex·

456 3626 708 3691 bibendi
768 3625 1004 3691 servitii
1053 3626 1309 3703 ratione,
1369 3625 1645 3692 defectus
1705 3646 1825 3692 non
1873 3625 2209 3692 mediocres
2264 3624 2495 3709 experti
2541 3624 2687 3701 sint,
2743 3642 2935 3707 quum

456 3748 572 3796 non
619 3750 758 3796 raro
808 3731 1036 3798 frustra
1080 3732 1456 3815 quaerantur
1508 3731 1612 3814 qui
1659 3730 1932 3796 fidelium
1981 3730 2388 3796 confessiones
2433 3728 2761 3811 excipiant,
2825 3731 2938 3792 aut

452 3835 794 3900 infantibus
825 3834 889 3899 in
922 3835 1088 3900 vitae
1124 3835 1392 3918 periculo
1438 3834 1796 3900 constitutis
1839 3835 2214 3918 baptismum
2248 3834 2701 3910 administrent,
2744 3851 2934 3916 quum

455 3940 735 4005 nonnulli
766 3940 897 4006 sine
928 3940 1331 4004 sacramentis
1376 3958 1409 4003 e
1457 3939 1583 4005 vita
1611 3940 2014 4018 excesserint3
2061 3939 2222 4024 quod
2257 3940 2574 4021 propterea
2604 3939 2932 4021 quaerunt,

454 4044 771 4128 postulant
810 4047 873 4110 et
904 4045 1143 4109 instant
1182 4048 1252 4110 ut
1300 4062 1454 4110 nova
1500 4063 1604 4127 per
1636 4044 2245 4109 dismembrationem
2279 4041 2574 4107 Parocbia
2603 4042 2669 4106 in
2701 4043 2936 4125 templo

447 4152 561 4215 sub
608 4150 797 4215 titulo
844 4148 947 4215 SS.
1002 4149 1389 4216 Ecce-Homo
1428 4149 1504 4213 ad
1556 4148 1909 4214 remotiores
1970 4147 2315 4231 praedictos
2353 4147 2585 4212 incolas
2630 4147 2931 4211 iuvandos

446 4256 743 4340 erigatur,
807 4254 940 4320 Nos
998 4255 1074 4318 ad
1137 4253 1746 4319 dismembrationem
1801 4258 1864 4317 et
1917 4253 2284 4318 erectionem
2348 4251 2680 4334 respective
2744 4270 2937 4316 novae

453 4359 820 4437 Parochiae3
868 4360 1051 4443 prout
1096 4358 1211 4442 ipsi
1260 4359 1593 4442 postulant,
1645 4357 1968 4440 procedere
2007 4357 2361 4423 statuimus.

663 4465 938 4529 »Idcirco
987 4465 1152 4530 facta
1197 4482 1302 4546 per
1334 4462 1757 4547 Nosmetipsos
1788 4462 2076 4546 diligenti
2123 4481 2304 4545 super
2350 4460 2641 4543 expositis
2671 4461 2937 4544 inquisi-

447 4569 631 4646 tione,
681 4589 751 4634 ac
799 4569 1056 4650 desuper
1100 4568 1376 4635 confecto
1436 4568 1658 4653 (citato
1703 4569 1765 4632 et
1823 4567 2034 4633 andito
2084 4568 2338 4633 Rectore
2388 4564 2768 4630 Parochialis
2814 4566 2933 4631 Ec·

444 4671 668 4735 clesiae
713 4674 774 4740 S.
823 4674 1068 4738 Ioannis
1117 4673 1462 4757 Baptistae)
1509 4690 1794 4756 processu
1841 4672 1914 4737 de
1960 4691 2080 4756 quo
2123 4673 2183 4736 in
2230 4671 2407 4752 actis,
2463 4669 2711 4754 illisque
2753 4670 2931 4754 plene
