3303 5013
829 284 903 342 D.
938 287 1168 357 papstl.
1209 285 1522 343 Kamerar
1557 292 1749 344 anter
1788 285 2073 344 Ulemem
2115 284 2247 342 vll.
2635 269 2777 335 1393

289 460 355 525 et
398 458 806 537 remissiones,
851 459 1285 539 absolutiones,
1332 458 1746 544 quittaciones
1788 460 1984 526 eciam
2032 459 2106 525 de
2149 459 2409 527 summis
2442 458 2779 526 maioribus

281 582 472 648 quam
532 564 1009 648 quingentorum
1064 563 1429 629 florenorum
1491 564 1567 629 de
1631 567 1698 628 et
1755 583 1936 649 super
1996 564 2320 644 fructibus,
2383 564 2778 648 proventibus

283 668 523 733 iuribus
550 670 613 734 et
637 667 1134 745 obvencionibus,
1168 667 1626 746 emolumentis,
1676 668 1977 746 censibus,
2011 668 2307 752 pecuniis,
2342 671 2540 745 rebus,
2573 668 2776 746 terris,

281 772 437 837 locis
480 775 546 837 et
589 772 764 838 bonis
811 771 952 836 aliis
998 771 1330 837 mobilibus
1377 772 1441 837 et
1484 771 1907 837 immobilibus
1954 772 2034 837 ad
2079 791 2188 838 nos
2234 773 2297 839 et
2342 771 2666 839 ecclesiam
2705 790 2779 837 ac

284 894 595 942 cameram
673 874 979 960 predictas
1039 877 1102 940 et
1160 874 1318 940 alias
1379 875 1840 958 quomodolibet
1903 875 2354 959 pertinentibus
2415 895 2523 942 seu
2578 875 2655 941 de
2715 879 2780 941 et

282 998 467 1064 super
522 979 707 1045 rebus
768 979 943 1045 bonis
988 978 1170 1045 factis
1216 981 1282 1045 et
1328 979 1599 1062 negociis
1645 978 1787 1045 aliis
1831 980 2320 1064 quibuscumque
2366 980 2582 1046 feceris
2626 999 2773 1046 con-

278 1083 564 1162 traxeris,
609 1082 836 1161 inieris,
884 1083 1275 1167 imposueris,
1337 1084 1708 1149 concesseris
1760 1085 1824 1150 et
1865 1083 2247 1150 ordinaveris
2291 1103 2401 1150 seu
2446 1084 2581 1150 fieri
2628 1104 2775 1151 con-

283 1186 489 1266 trabi,
538 1186 694 1270 peti,
743 1185 923 1265 iniri,
967 1186 1229 1270 imponi,
1277 1187 1547 1253 ordinari
1594 1191 1659 1252 et
1704 1187 1950 1254 concedi
1988 1188 2344 1268 libertates,
2392 1186 2780 1268 franchisias,

279 1290 607 1374 privilegia
651 1293 716 1355 et
754 1290 1179 1356 immunitates
1225 1290 1381 1357 alias
1423 1292 1813 1371 concesseris,
1855 1291 2093 1371 feceris,
2141 1292 2563 1376 procuraveris
2613 1293 2763 1377 ve[l]

282 1394 534 1461 concedi
584 1393 930 1473 vassellam,
972 1394 1214 1470 iocalia,
1264 1414 1361 1461 res
1409 1397 1473 1461 et
1518 1397 1676 1461 bona
1708 1396 1965 1463 mobilia
1998 1399 2063 1462 et
2092 1396 2411 1463 inmobilia
2443 1397 2778 1481 empcionis

283 1498 476 1564 titulo
534 1498 631 1563 vel
678 1498 837 1564 alias
893 1498 1252 1581 acquisieris
1297 1518 1368 1563 ac
1414 1500 1979 1579 thesaurariorum,
2043 1501 2475 1579 collectorum,
2524 1500 2778 1567 nuncio-

287 1623 461 1682 rum,
523 1602 1115 1681 commissariorum,
1175 1602 1689 1670 succollectorum
1716 1653 1732 1683 ,
1800 1604 2207 1670 clavariorum
2253 1607 2318 1671 et
2369 1605 2630 1671 aliorum
2685 1624 2779 1670 re-

285 1711 601 1792 ceptorum
651 1706 918 1791 plurium
968 1708 1244 1773 raciones
1284 1710 1349 1772 et
1393 1712 1698 1793 compota,
1737 1709 1933 1775 eciam
1978 1728 2097 1793 que
2136 1710 2201 1774 in
2226 1728 2471 1775 camera
2502 1708 2782 1794 predicta

286 1812 465 1878 reddi
497 1811 823 1889 debebant,
863 1811 1190 1891 audiveris,
1238 1812 1702 1893 examinaveris,
1747 1813 2180 1898 approbaveris
2223 1814 2321 1879 vel
2364 1814 2782 1899 reprobaveris

286 1919 355 1981 et
394 1916 460 1980 in
502 1916 631 1981 illis
675 1915 1046 1982 concluseris
1086 1935 1192 1981 seu
1225 1917 1360 2001 ipsa
1387 1918 1605 1984 feceris
1639 1919 1738 1984 vel
1771 1917 2160 1984 mandaveris
2191 1918 2412 1998 audiri,
2447 1918 2781 1985 examinari

287 2021 611 2106 approbari
659 2021 757 2086 vel
802 2021 1116 2105 reprobari
1162 2040 1233 2087 ae
1278 2040 1461 2105 super
1506 2022 1656 2107 ipsis
1702 2022 1839 2088 fieri
1883 2026 2187 2089 arrestum
2234 2025 2295 2089 et
2329 2023 2781 2090 conclusionem

286 2126 536 2191 finalem
584 2125 1011 2208 nonnullisque
1053 2125 1503 2204 collectoribus,
1551 2127 2114 2208 succollectoribus,
2163 2128 2450 2193 clavariis
2488 2127 2584 2194 vel
2639 2126 2781 2193 aliis

284 2229 737 2314 receptoribus,
800 2229 1246 2313 quictacionem
1269 2278 1285 2309 ,
1341 2230 1762 2296 remissionem
1824 2234 1889 2298 et
1945 2232 2380 2299 liberacionem
2443 2231 2780 2316 plenariam

290 2333 536 2400 dederis
567 2334 761 2399 eciam
791 2336 856 2401 et
886 2337 1254 2401 concesseris
1282 2354 1389 2400 seu
1422 2334 1602 2401 datas
1628 2336 1725 2401 vel
1748 2355 2061 2427 concessas
2085 2336 2423 2411 admiseris,
2460 2335 2782 2420 receperis,

293 2439 731 2525 approbaveris
761 2457 869 2505 seu
902 2438 1122 2504 feceris
1151 2442 1214 2504 et
1239 2439 1622 2506 mandaveris
1653 2440 1925 2522 admitti,
1973 2441 2300 2526 approbari
2332 2442 2396 2506 et
2419 2439 2690 2525 expediri
2718 2438 2782 2504 in

291 2562 539 2609 camera
568 2544 662 2609 vel
696 2547 867 2610 extra
894 2562 1203 2609 cameram
1232 2547 1295 2611 et
1328 2564 1466 2610 cum
1503 2545 1755 2612 consilio
1788 2545 1882 2611 vel
1916 2564 2024 2630 per
2048 2548 2112 2611 te
2142 2546 2342 2629 ipsum
2374 2545 2605 2629 absque
2636 2563 2778 2610 con-

288 2647 432 2714 silio
488 2667 873 2732 quocumque
936 2649 1123 2715 nullis
1167 2649 1468 2733 compotis
1521 2668 1629 2715 seu
1678 2650 2024 2716 racionibus
2069 2669 2176 2734 per
2223 2648 2465 2716 eosdem
2510 2647 2783 2727 traditis,

292 2753 555 2819 redditis
601 2753 699 2818 vel
743 2752 1031 2818 exhibitis
1072 2751 1304 2818 eisdem
1353 2772 1470 2818 non
1515 2753 1704 2829 visis,
1751 2752 2017 2831 auditis,
2063 2752 2391 2832 discussis,
2450 2751 2784 2818 verificatis

292 2858 389 2924 vel
413 2856 782 2923 examinatis
822 2856 1353 2941 qualitercumque
1394 2857 1750 2940 fructusque
1774 2856 2054 2924 redditus
2086 2857 2151 2923 et
2179 2859 2530 2942 proventus,
2558 2856 2785 2922 obven-

290 2961 496 3028 ciones
542 2962 606 3027 et
647 2961 1083 3039 emolumenta,
1123 2979 1356 3040 census,
1405 2961 1715 3045 pecunias,
1769 2978 1863 3026 res
1909 2963 1975 3025 et
2019 2961 2175 3026 bona
2221 2960 2497 3044 predicta
2542 2961 2607 3026 et
2635 2977 2784 3043 que-

292 3083 557 3150 cumque
601 3065 729 3131 alia
771 3065 1013 3133 nomine
1061 3067 1265 3131 nostro
1296 3085 1402 3149 per
1439 3067 1501 3131 te
1530 3065 1627 3131 vel
1658 3083 2052 3148 quoscunque
2094 3065 2248 3132 alios
2279 3063 2522 3131 nomine
2554 3063 2687 3148 (fol.
2719 3063 2786 3149 2)

292 3188 535 3236 camere
577 3170 825 3254 recepta
867 3170 1196 3236 ordinariis
1237 3172 1302 3235 et
1344 3168 1845 3235 extraordinariis
1877 3171 1941 3235 et
1971 3168 2113 3234 aliis
2146 3168 2425 3253 expensis
2454 3167 2682 3235 nostris
2713 3185 2785 3233 ac

294 3276 643 3341 nost-rorum
692 3274 1093 3340 familiarium
1139 3277 1203 3339 et
1243 3273 1613 3340 servitorum
1670 3292 1743 3339 ac
1788 3292 2183 3358 personarum
2231 3273 2497 3340 aliarum
2543 3272 2786 3358 pensio-

296 3378 496 3458 nibus,
542 3377 1011 3463 provisionibus,
1044 3377 1251 3463 gagiis
1280 3379 1346 3444 et
1374 3377 1703 3462 stipendiis
1735 3397 1807 3444 ac
1840 3378 2217 3463 pensionum,
2268 3377 2785 3461 assignacionum,

293 3484 592 3550 donorum
624 3484 689 3550 et
719 3482 1070 3550 debitorum
1103 3483 1366 3549 aliorum
1401 3482 1819 3550 solucionibus
1848 3485 1914 3550 et
1945 3482 2086 3547 aliis
2117 3482 2405 3549 oneribus
2435 3481 2787 3566 sumptibus

294 3591 361 3654 et
404 3588 685 3672 expensis
729 3587 919 3654 variis
965 3590 1030 3654 et
1073 3588 1334 3654 diversis
1375 3590 1439 3654 et
1485 3590 1614 3653 tam
1662 3587 1907 3654 racione
1951 3606 2314 3673 guerrarum
2357 3587 2672 3653 variarum
2725 3586 2791 3653 et

292 3692 679 3759 diversarum
737 3695 1069 3777 conqueste
1128 3692 1305 3779 regni
1352 3691 1561 3758 Sicilie
1624 3691 2051 3776 factorumque
2096 3692 2160 3758 et
2204 3691 2597 3776 negociorum
2643 3709 2786 3755 con-

292 3795 682 3864 cernentium
724 3797 961 3862 dictum
1005 3816 1266 3882 regnum
1306 3796 1676 3863 defensionis
1694 3801 1751 3883 ⁸)
1795 3798 1860 3862 et
1906 3794 2390 3880 recuperacionis
2434 3797 2499 3860 et
2544 3812 2788 3860 conser-

296 3901 568 3968 vacionis
626 3901 975 3982 civitatum,
1036 3904 1340 3968 terrarum
1405 3904 1470 3968 et
1515 3901 1788 3967 locorum
1829 3901 2105 3967 Romane
2150 3898 2406 3966 ecclesie
2451 3899 2516 3964 in
2576 3897 2791 3964 Ytalia

296 4005 775 4072 consistencium
814 4005 1123 4072 missionis
1160 4005 1533 4090 legatorum,
1579 4005 2093 4071 ambassiatorum
2143 4023 2250 4089 pro
2296 4003 2540 4089 magnis
2580 4005 2644 4069 et
2690 4022 2790 4069 ar-

295 4111 436 4176 duis
474 4110 781 4195 variisque
811 4111 877 4176 et
905 4109 1164 4176 diversis
1211 4109 1393 4176 factis
1440 4112 1504 4175 et
1537 4109 1809 4195 negociis
1840 4109 2345 4175 transmissorum
2371 4109 2715 4174 armaturis
2732 4107 2792 4193 ¹²)

296 4234 407 4283 seu
437 4214 812 4295 clas[s]ibus,
848 4215 1116 4294 navium,
1144 4215 1469 4299 galearum
1493 4217 1558 4279 et
1581 4215 1843 4280 aliorum
1872 4214 2260 4298 navigiorum
2290 4230 2791 4297 quorumcunque

297 4339 485 4405 quam
543 4319 703 4385 alias
762 4318 946 4385 sactis
1002 4319 1232 4385 habitis
1288 4321 1353 4385 et
1410 4319 1790 4403 supportatis
1848 4318 2190 4403 expendens
2233 4318 2686 4402 dispensaveris
2725 4318 2791 4382 et

295 4423 648 4510 exposueris
690 4442 800 4490 seu
860 4423 1075 4490 feceris
1120 4423 1216 4489 vel
1261 4423 1651 4489 mandaveris
1700 4423 1951 4489 liberari
1997 4422 2181 4502 tradi,
2243 4422 2478 4506 exponi,
2525 4420 2787 4503 disponi,

292 4527 644 4615 dispensari
703 4529 768 4594 et
826 4527 1080 4612 expendi
1125 4529 1192 4594 et
1230 4528 1598 4612 quamplura
1640 4527 1768 4594 alia
1812 4531 1945 4593 tam
1986 4528 2048 4593 in
2095 4526 2396 4594 comitatu
2437 4522 2784 4591 Venaissini

509 4685 566 4754 a)
602 4685 689 4741 Hs
723 4683 1081 4740 deffensionis.
1120 4713 1186 4723 —
1222 4683 1282 4753 h)
1318 4684 1693 4756 Korriyiert,
1727 4684 2176 4757 urspranylich
2209 4680 2462 4738 armatis.
