3303 5013
1192 357 1326 410 und
1362 356 1917 425 Entscheidzmyen.
2672 338 2796 402 703

309 532 483 613 parte
578 549 650 594 ex
735 528 1020 595 omuibus
1108 527 1475 594 consiliariis
1567 528 1669 613 (in
1753 529 1961 594 nostro
2047 546 2195 592 casu
2267 526 2386 611 40)
2475 526 2797 610 adprobari

306 634 547 701 debent.

511 739 643 804 Nec
677 738 846 803 tenet
877 736 1035 803 ratio
1071 755 1286 821 nempe
1318 736 1623 820 assignari
1658 754 1963 801 summam
2001 736 2131 801 loco
2162 737 2418 819 quartae
2451 735 2796 801 funerariae

304 861 688 927 suppressae,
754 841 901 925 quia
963 842 1078 908 hoc
1138 841 1307 907 nullo
1371 841 1549 906 modo
1596 842 1871 919 constat,
1936 858 2048 905 nec
2104 839 2274 905 tollit
2318 838 2793 905 instabilitatem

304 947 764 1031 assignationis,
824 944 1138 1029 Siquidem
1199 944 1388 1011 etiam
1450 944 1726 1011 Parocho
1792 943 1853 1010 S.
1900 945 2071 1010 Ioan.
2130 943 2498 1027 iampridem
2552 962 2796 1008 summa

304 1052 515 1136 aliqua
562 1052 676 1117 hoc
720 1049 908 1116 titulo
955 1050 1075 1115 fuit
1121 1051 1461 1134 assignata,
1510 1050 1616 1115 sed
1660 1049 1737 1115 ad
1780 1049 2106 1114 arbitrium
2155 1048 2465 1113 diminuta
2511 1047 2648 1115 tuit.

510 1157 642 1222 Nec
671 1154 1039 1239 sperandum
1075 1153 1358 1239 estquod
1394 1153 1775 1219 Gubernium
1809 1153 2327 1237 supplementum,
2360 1152 2518 1236 quod
2556 1154 2794 1228 vocant,

303 1260 467 1326 dotis
514 1279 820 1345 congruae
867 1279 1021 1325 novo
1055 1259 1332 1325 Parocho
1379 1258 1680 1343 assignet,
1729 1258 1875 1342 quia
1908 1257 2021 1323 hoc
2054 1258 2359 1322 tributum
2397 1256 2514 1322 init
2542 1258 2790 1322 tantum

302 1365 600 1449 paroeciis
653 1367 788 1431 iam
839 1367 1212 1441 constitutis,
1280 1363 1355 1427 ad
1422 1383 1527 1447 pro
1587 1364 1914 1448 erigendis
1980 1362 2394 1445 requireretur
2460 1380 2618 1426 nova
2675 1362 2792 1426 lex.

303 1470 634 1534 Decretum
679 1468 875 1554 igitur
915 1468 1235 1535 divisionis
1285 1475 1452 1535 caret
1492 1469 1929 1551 fundamenw,
1976 1466 2155 1545 idest,
2200 1466 2359 1531 dote.
2404 1504 2490 1513 —
2537 1466 2794 1532 Summa

303 1574 550 1657 insuper
594 1574 729 1638 Lib.
779 1573 905 1639 500
978 1591 1094 1638 non
1157 1574 1254 1638 est
1314 1572 1628 1637 sufficiens
1691 1590 1796 1654 pro
1864 1571 2147 1654 parocho,
2208 1572 2279 1636 ut
2340 1571 2615 1636 fatentur
2671 1571 2793 1655 ipsi

302 1677 654 1744 Consiliarii
713 1676 1142 1762 Municipales,
1208 1678 1311 1761 qui
1376 1676 1670 1742 erectioni
1731 1675 1940 1741 favent
2001 1679 2066 1741 et
2125 1674 2277 1759 ipsa,
2340 1674 2528 1740 Curia
2566 1675 2789 1741 Archi·

301 1783 664 1866 episcopalis
723 1801 879 1866 quae
926 1782 1005 1846 ad
1066 1782 1363 1849 Flentium
1414 1781 1636 1848 Cultus
1697 1799 2008 1846 recurrere
2056 1779 2316 1847 vellent:
2385 1780 2507 1844 imo
2552 1782 2614 1845 et
2662 1780 2790 1862 ipse

301 1887 680 1953 Oeconomus
725 1886 1104 1970 Spiritualis,
1151 1886 1256 1970 qui
1304 1887 1561 1952 conatus
1594 1888 1689 1951 est
1720 1885 1924 1950 dotem
1961 1884 2337 1952 constituere
2370 1884 2467 1948 vel
2505 1884 2789 1968 supplere

300 2010 373 2057 ex
437 1991 612 2057 bonis
672 2009 820 2057 suae
875 1991 1183 2069 familiae3
1248 1991 1315 2055 at
1368 1990 1713 2068 incassum,
1781 1988 2002 2072 quippe
2059 1989 2288 2071 absque
2328 1987 2789 2071 Archiepiscopi

301 2096 738 2180 adprobatione
784 2098 846 2162 et
906 2097 1036 2162 suis
1083 2096 1384 2162 fratribus
1445 2097 1671 2161 acriter
1718 2093 2168 2160 resistentibus.
2211 2130 2298 2141 —
2343 2092 2791 2159 concordatum

298 2204 505 2267 autem
553 2200 805 2268 Siciliae
852 2221 906 2269 a.
957 2201 1146 2278 1818,
1191 2201 1555 2266 beneficium
1609 2198 1963 2283 parochiale
2011 2197 2248 2263 reditus
2297 2198 2358 2263 L.
2388 2197 2516 2263 850
2562 2198 2790 2264 habere

297 2307 490 2382 iubet,
558 2310 622 2371 et
678 2306 877 2389 ipsum
946 2305 1142 2372 Civile
1199 2305 1578 2371 Gubernium
1645 2304 1882 2370 reditus
1949 2303 2015 2369 L.
2066 2302 2194 2368 900
2265 2303 2448 2368 hodie
2508 2303 2789 2387 parochis

300 2428 603 2493 congruos
647 2409 711 2474 et
755 2409 1131 2475 necessarios
1177 2409 1583 2493 recognoscit.

510 2515 834 2580 Praeterea
898 2515 1030 2598 ipsa
1093 2515 1367 2581 Ecclesia
1423 2516 1609 2580 Ecce·
1624 2515 1869 2593 Homo,
1930 2531 2087 2596 quae
2150 2512 2443 2596 erigenda
2504 2515 2665 2577 esset
2723 2514 2786 2577 in

299 2618 662 2701 paroeciam,
712 2619 917 2684 dotem
969 2619 1157 2684 babet
1205 2620 1270 2685 L.
1319 2618 1592 2696 203‚97;
1650 2620 1715 2683 et
1762 2617 1915 2682 haec
1960 2634 2204 2680 summa
2251 2616 2490 2700 erogari
2535 2615 2787 2683 deberet

299 2742 404 2807 pro
451 2723 720 2800 fabrica,
794 2741 899 2805 pro
968 2722 1255 2787 oneribus
1326 2721 1697 2799 Missarum,
1768 2740 1876 2804 pro
1936 2720 2129 2785 sacris
2188 2720 2678 2803 supellectilibus
2724 2724 2788 2786 et

297 2827 740 2906 functionibus,
812 2845 920 2910 pro
988 2826 1239 2892 sacrarii
1309 2826 1601 2904 custode,
1677 2825 1939 2908 aliisque
2001 2824 2277 2890 clericis:
2349 2823 2474 2889 imo
2549 2826 2611 2889 et
2681 2845 2786 2909 pro

298 2931 774 2997 Coadiutoribus
820 2931 1208 3013 capellanis!
1293 2931 1424 2996 Nec
1474 2930 1654 2995 adest
1696 2929 1913 2994 domus
1960 2928 2333 3011 parochialis
2379 2929 2505 3009 ita,
2565 2931 2635 2994 ut
2679 2949 2784 3012 pa·

297 3037 520 3102 rochus
567 3036 751 3120 longe
797 3036 872 3099 ab
924 3035 1200 3100 Ecclesia
1243 3035 1526 3100 habitare
1573 3037 1850 3118 cogatur.

505 3141 748 3205 Incerta
780 3139 1149 3224 parochialia
1188 3159 1294 3223 pro
1326 3142 1459 3204 tota
1488 3138 1745 3203 civitate
1781 3138 2032 3221 Ragusa
2067 3157 2183 3202 non
2215 3140 2510 3220 superant
2541 3139 2606 3204 L.
2634 3139 2782 3217 200,

295 3244 442 3329 quia
487 3245 877 3311 deducuntur
915 3246 1164 3310 tantum
1207 3263 1279 3309 ex
1321 3243 1857 3310 matrimoniorum
1905 3241 2421 3324 solemnitatibus.

505 3348 739 3415 Deinde
803 3348 1025 3414 Orator
1077 3349 1366 3414 observat
1425 3347 1584 3431 quod
1640 3345 2027 3414 Guberuium
2090 3346 2286 3411 Civile
2325 3345 2639 3412 decretum
2689 3347 2784 3413 di-

298 3453 547 3521 visionis
593 3454 906 3536 paroeciae
954 3472 1069 3518 non
1119 3453 1500 3537 adprobavit,
1548 3453 1694 3535 quia
1740 3451 1848 3516 dos
1901 3469 2005 3533 pro
2052 3470 2205 3517 novo
2247 3450 2508 3534 parocho
2541 3470 2656 3515 non
2689 3454 2785 3518 est

293 3558 638 3637 sufficiens,
704 3576 813 3622 nec
881 3561 1207 3641 perpetua,
1269 3558 1334 3622 et
1392 3556 1731 3641 assignatio
1779 3574 1816 3620 a
1860 3554 2237 3620 Consiliariis
2300 3554 2783 3639 Municipalibus

295 3665 463 3729 facta
509 3665 604 3729 est
648 3662 956 3727 invalida:
1001 3663 1066 3726 et
1109 3662 1254 3745 quia
1298 3661 1406 3726 dos
1452 3679 1573 3744 qua
1607 3660 1836 3725 fruitur
1869 3658 2141 3725 Ecclesia
2174 3679 2289 3724 non
2323 3662 2420 3724 est
2449 3660 2782 3739 sufficienS,

295 3787 486 3852 neque
534 3768 796 3832 habetur
843 3766 1058 3830 domus
1105 3765 1510 3850 parochialis3
1575 3765 1836 3848 denique
1901 3783 2019 3829 non
2080 3764 2256 3829 adest
2308 3764 2441 3828 ulla
2483 3764 2644 3829 ratio
2689 3766 2782 3829 in-

298 3873 556 3937 novandi
597 3876 831 3938 statum
882 3870 1214 3954 paroeciae.

501 3975 600 4040 Ad
666 3995 884 4040 causas
943 3975 1263 4041 canonicas
1327 3974 1653 4039 deveniens
1699 3973 1922 4057 quibus
1960 3973 2391 4039 dismembrari
2433 3976 2544 4038 aut
2589 3972 2781 4038 dividi

295 4081 496 4162 potest
541 4080 855 4162 paroecia,
918 4079 1142 4145 Orator
1202 4078 1458 4144 adnotat
1515 4077 1675 4161 quod
1718 4096 1929 4143 omnes
1975 4078 2330 4144 canonistae
2377 4078 2785 4144 communiter

293 4183 618 4267 assignant
665 4183 1052 4262 distantiam,
1099 4186 1163 4249 et
1210 4202 1502 4268 magnum
1549 4182 2025 4258 incommodum,
2075 4202 2145 4246 ex
2192 4202 2323 4267 cap.
2369 4184 2481 4248 Ad
2513 4183 2780 4249 audien·

291 4291 451 4355 tiam
501 4287 832 4353 Alexandri
882 4288 999 4352 111.
1046 4291 1111 4353 et
1151 4307 1221 4352 ex
1271 4287 1453 4353 Cone.
1502 4286 1670 4352 Trid.
1719 4305 1867 4352 sess.
1916 4287 1993 4351 21
2045 4307 2177 4370 cap.
2224 4288 2265 4350 4
2310 4287 2413 4354 De
2456 4286 2735 4369 Reform.

504 4391 715 4476 Quoad
766 4391 1125 4457 distantiam
1167 4392 1341 4457 iuxta
1386 4391 1463 4456 H.
1512 4391 1712 4475 ipsam
1744 4391 1805 4458 S.
1844 4390 1909 4457 O.
1957 4390 2276 4456 sufficiunt
2307 4392 2429 4456 duo
2460 4389 2774 4470 milliaria,

293 4500 355 4563 in
398 4498 811 4577 Ariminensi,
872 4503 1047 4565 erect.
1098 4517 1349 4580 paroec.
1401 4501 1488 4563 18
1530 4501 1670 4564 iun.
1720 4500 1913 4563 1789.
1967 4496 2368 4573 Placentina,
2414 4495 2773 4560 dismmnbr.

292 4604 374 4669 18
420 4603 566 4669 maii
618 4603 823 4668 1791:
888 4603 995 4668 sed
1039 4621 1159 4667 non
1203 4599 1437 4667 sufficit
1483 4622 1679 4667 unum
1723 4601 2125 4679 milliarium,
2174 4603 2244 4665 ut
2298 4598 2527 4664 centies
2575 4597 2780 4663 decla·

289 4711 453 4775 ravit
500 4709 579 4778 H.
625 4708 687 4775 S.
739 4708 805 4775 C.
862 4728 933 4774 ac
995 4706 1355 4791 praesertim
1424 4706 1483 4771 in
1547 4705 1989 4772 recentioribus
2035 4706 2458 4783 Lamiarum„
2512 4703 2594 4768 18
2641 4721 2775 4770 noV.
