3303 5013
1411 274 1867 348 Mitteiltmyen.
2755 261 2885 329 355

391 446 717 515 trahendis
783 446 991 514 mixtis
1060 447 1226 514 hisce
1294 448 1526 533 nuptiis
1591 450 1767 516 extra
1834 449 2156 517 ecclesiam
2223 453 2290 519 et
2348 449 2580 537 absque
2629 450 2878 535 parochi

391 552 819 620 benedictione
862 553 1111 637 impleri
1151 552 1403 619 minime
1447 554 1719 639 possint,
1787 558 1852 622 et
1907 554 2150 640 quando
2197 554 2260 620 in
2310 555 2671 640 promiscuis
2712 555 2880 623 hisce

394 658 697 744 coniugiis
757 657 1043 724 ineundis
1102 657 1353 724 tolerari
1417 664 1608 743 queat
1667 679 1802 727 mos
1860 658 2194 726 adhibendi
2257 660 2446 726 ritum
2506 680 2615 745 pro
2661 661 2882 728 matri·

394 762 618 830 moniis
692 762 1130 830 contrahendis
1203 764 1268 829 in
1336 762 1696 831 dioecesano
1764 764 2008 831 Bituali
2069 764 2349 850 legitime
2413 766 2879 851 praescriptum,

392 869 637 934 exclusa
681 869 892 935 tamen
933 887 1174 954 semper
1218 868 1446 935 Missae
1491 868 1905 937 celebratione
1936 887 2009 936 ac
2043 869 2523 955 diligentissime
2567 872 2882 956 perpensis

393 973 675 1039 omnibus
718 992 921 1040 rerum
944 1024 961 1053 ,
1030 973 1302 1041 locorum
1369 992 1441 1040 ac
1510 992 1910 1059 personarum
1978 974 2322 1056 adiunctis,
2392 977 2577 1060 atque
2623 979 2879 1043 onerata

390 1078 664 1163 ipsorum
752 1078 1127 1145 Antistitum
1210 1077 1582 1145 conscientia
1654 1099 1844 1164 super
1916 1079 2190 1147 omnium
2270 1079 2880 1147 circumstantiarum

391 1183 656 1250 veritate
695 1187 760 1250 et
804 1182 1137 1268 gravitate.
1227 1183 1625 1269 Summopere
1673 1185 1884 1251 autem
1927 1186 2181 1270 exoptat
2225 1183 2542 1252 Sanctitas
2586 1184 2745 1266 Sua,
2809 1186 2880 1253 ut

388 1287 581 1355 iidem
626 1307 936 1355 sacrorum
986 1287 1325 1356 Antistites
1372 1288 1724 1356 huiusmodi
1785 1289 2239 1375 indulgentiam
2301 1308 2409 1356 seu
2471 1290 2676 1376 potius
2726 1291 2884 1358 tole-

388 1393 683 1473 rantiam,
729 1410 936 1459 eorum
982 1392 1242 1461 arbitrio
1285 1397 1349 1461 et
1390 1394 1804 1461 conscientiae
1848 1393 2262 1475 commissam,
2319 1394 2538 1462 maiori
2581 1414 2702 1481 quo
2746 1395 2882 1461 fieri

388 1500 617 1583 potest,
661 1497 904 1564 silentio
944 1518 1016 1565 ac
1061 1500 1297 1566 secreto
1337 1501 1642 1566 servent«
1693 1498 1984 1586 (Gaspari
2015 1519 2111 1584 op.
2152 1499 2258 1565 cit.
2293 1500 2342 1569 I.
2385 1519 2527 1584 pag.
2561 1500 2688 1566 308
2718 1503 2874 1585 seq.)

600 1602 859 1670 Welche
899 1603 1042 1688 jene
1088 1611 1372 1690 grossern
1419 1603 1750 1672 Nachteile
1795 1604 1921 1670 und
1965 1587 2130 1671 Ubel
2174 1603 2312 1672 siud
2352 1604 2477 1670 und
2524 1605 2633 1672 wie
2668 1624 2734 1671 es
2767 1605 2885 1671 mit

396 1707 534 1775 dem
579 1708 896 1776 silentium
943 1708 1069 1774 und
1112 1711 1415 1777 secretum
1478 1729 1553 1776 zu
1616 1709 1832 1776 halten
1889 1709 2009 1784 ist,
2081 1709 2306 1776 erhellt
2374 1728 2484 1775 aus
2551 1709 2659 1777 der
2729 1710 2882 1776 Ent-

397 1813 735 1898 scheidung
780 1811 887 1880 der
929 1813 993 1881 S.
1044 1812 1266 1900 Congr.
1308 1813 1369 1883 S.
1415 1814 1485 1882 O.
1534 1833 1590 1881 a.
1626 1814 1797 1880 1862
1837 1814 1903 1881 in
1933 1813 2112 1899 epist.
2146 1814 2210 1881 S.
2241 1812 2465 1899 Congr.
2501 1814 2579 1881 de
2615 1815 2878 1900 Propag.

394 1918 513 1983 fide
555 1917 633 1984 ad
678 1918 993 1985 Vicarium
1042 1920 1449 2003 apostolicum
1493 1919 1797 2005 Maysurii
1843 1919 1905 1987 4.
1953 1919 2312 1986 Decembris
2362 1920 2530 1986 1862
2588 1918 2882 2004 (Gaspari

391 2041 489 2107 op.
533 2023 643 2091 cit.
686 2023 739 2093 1.
789 2042 929 2108 pag.
975 2023 1105 2090 309
1144 2023 1325 2110 seq.).
1413 2024 1610 2090 Darin
1660 2023 1856 2091 heisst
1901 2042 2004 2090 es:

604 2128 720 2193 »Et
766 2128 981 2212 primo,
1030 2128 1179 2213 quid
1225 2129 1704 2215 intelligendum
1736 2129 1844 2209 sit,
1891 2126 2233 2195 sciscitaris
2263 2147 2370 2212 per
2404 2128 2610 2209 verba,
2658 2127 2883 2213 quibus

388 2231 451 2296 in
493 2231 753 2298 laudata
796 2232 1200 2301 instructione
1261 2233 1554 2301 innititur
1606 2236 1671 2301 et
1726 2234 1902 2318 quasi
1963 2233 2201 2319 ligatur
2260 2233 2529 2300 facultas
2575 2252 2680 2300 seu
2727 2233 2888 2299 tole-

390 2336 597 2402 rantia
641 2336 1044 2404 benedicendi
1091 2339 1283 2405 mixta
1328 2338 1753 2419 matrimonia,
1816 2337 2058 2407 scilicet
2116 2338 2196 2404 ad
2254 2336 2543 2405 evitanda
2601 2338 2888 2422 graviora

393 2442 558 2509 mala
616 2444 683 2509 et
735 2442 984 2512 damna.
1078 2444 1298 2511 Procul
1361 2443 1549 2512 dubio
1614 2444 1900 2531 graviora
1969 2443 2112 2511 inde
2183 2441 2468 2510 oriuntur
2535 2441 2763 2509 damna
2820 2444 2884 2510 et

390 2550 591 2614 mala:
646 2547 700 2617 1.
747 2549 1248 2634 Quotiescunque
1293 2550 1370 2617 ob
1415 2550 1789 2636 denegatam
1835 2548 2243 2615 matrimoniis
2273 2548 2482 2613 mixtis
2513 2545 2883 2614 benedictio·

389 2673 530 2720 nem
578 2653 763 2719 facile
810 2656 1227 2722 excitarentur
1282 2654 1731 2721 haereticorum
1786 2653 2253 2740 quaeremoniae
2301 2654 2365 2719 et
2409 2652 2552 2719 odia
2591 2651 2885 2719 adversus

389 2757 603 2824 fideles
662 2758 952 2843 legesque
1009 2759 1493 2839 ecclesiasticas;
1555 2761 1614 2826 2.
1663 2759 2146 2844 quotiescunque
2190 2758 2500 2842 denegata
2542 2775 2581 2822 a
2619 2757 2885 2841 parocho

393 2863 697 2929 catholico
750 2863 1179 2930 benedictione
1239 2865 1444 2948 sponsi
1505 2867 1653 2930 ante
1711 2864 1810 2930 vel
1871 2867 2010 2948 post
2068 2882 2272 2930 coram
2334 2862 2444 2928 illo
2504 2861 2884 2928 celebratum

396 2965 854 3035 matrimonium
887 2968 1299 3035 ministellum
1331 2968 1559 3035 adeant
1588 2969 1688 3036 vel
1722 2967 1911 3035 etiam
1946 2970 2007 3033 in
2039 2965 2549 3034 heterodoxorum
2579 2965 2884 3051 templum

397 3072 756 3139 conveniant
801 3074 880 3139 ad
927 3073 1296 3159 sacrilegam
1345 3074 1836 3141 benedictionem
1888 3072 2310 3151 obtinendam,
2359 3071 2619 3156 parocho
2669 3070 2886 3138 catho-

394 3174 515 3240 lico
557 3179 798 3244 omnino
842 3179 1232 3263 posthabit03
1298 3180 1359 3244 3.
1420 3180 1927 3264 quotiescumque
1994 3178 2242 3263 insuper
2295 3175 2645 3243 timendum
2706 3178 2888 3257 esset,

387 3280 583 3364 quod,
644 3284 927 3349 recusata
973 3283 1052 3349 ab
1093 3283 1245 3369 ipsis
1290 3285 1565 3367 expetita
1626 3284 2084 3363 benedictione,
2152 3283 2262 3349 aut
2325 3300 2443 3349 non
2496 3283 2887 3348 servarentur

386 3386 770 3453 necessariae
831 3387 1144 3455 cautiones
1196 3389 1273 3454 de
1328 3389 1669 3455 amovendo
1730 3408 1767 3454 a
1828 3387 2086 3472 coniuge
2133 3387 2438 3454 catholico
2481 3386 2889 3471 perversionis

385 3490 662 3575 periculo
720 3494 784 3558 et
839 3493 912 3558 de
960 3493 1246 3560 universa
1291 3493 1458 3577 prole
1526 3494 1588 3558 in
1646 3493 1960 3559 catholica
2022 3492 2322 3576 religione
2382 3492 2699 3558 educanda
2755 3492 2886 3571 aut,

384 3594 551 3680 quod
597 3595 1028 3664 detestabilius
1073 3597 1253 3677 foret,
1299 3618 1374 3663 ne
1421 3617 1566 3682 pars
1610 3598 1919 3664 catholica
1963 3597 2040 3662 ad
2092 3597 2542 3663 haereticorum
2587 3597 2792 3663 castra
2822 3596 2885 3660 in

384 3701 485 3766 sui
526 3702 592 3766 et
636 3701 882 3768 futurae
930 3703 1116 3786 prolis
1162 3707 1478 3770 aeternam
1540 3704 1873 3787 perniciem
1939 3702 2254 3770 transiret.
2347 3702 2682 3768 Evidenter
2737 3701 2889 3768 haec

386 3807 455 3870 et
497 3805 732 3872 similia
773 3809 920 3874 sunt
965 3807 1182 3892 gravia
1224 3808 1338 3874 illa
1385 3808 1612 3875 damna
1659 3812 1724 3875 et
1772 3809 1952 3875 mala.

598 3910 772 3993 Quae
803 3912 989 3978 tertio
1019 3913 1153 3980 loco
1183 3915 1246 3979 te
1276 3912 1527 3978 anxium
1561 3912 1906 3979 reddebant
1938 3912 2103 3978 circa
2134 3910 2450 3977 silentium
2479 3929 2552 3977 ac
2581 3911 2887 3977 secretum

391 4013 457 4078 in
501 4014 760 4082 laudata
800 4015 1207 4083 instructione
1253 4017 1452 4104 quoad
1501 4037 1677 4101 posse
1725 4018 2103 4096 inculcatum
2127 4065 2143 4095 ,
2204 4034 2322 4081 non
2380 4015 2470 4081 ita
2528 4034 2735 4100 presse
2791 4015 2886 4081 in·

388 4118 734 4204 telligenda
793 4121 1100 4201 videntur,
1164 4124 1234 4188 ut
1295 4122 1524 4188 nemini
1570 4122 1924 4189 innotescat
1969 4121 2123 4187 haec
2169 4119 2231 4185 S.
2276 4118 2452 4186 Sedis
2496 4119 2889 4205 indulgentia

387 4242 499 4289 seu
547 4225 749 4308 potius
809 4225 1140 4293 tolerantia
1195 4226 1259 4293 in
1325 4226 1758 4294 benedicendis
1819 4225 2029 4293 mixtis
2090 4225 2346 4311 nuptiis.
2441 4225 2685 4291 Etenim
2729 4225 2890 4291 scias

386 4331 666 4413 oportet,
724 4330 885 4415 quod
942 4331 1257 4398 Sanctitas
1307 4330 1433 4398 Sua
1479 4332 1748 4398 monitos
1794 4350 1924 4399 esse
1972 4329 2169 4398 voluit
2216 4331 2575 4410 Praesules,
2639 4334 2711 4394 ut
2769 4347 2885 4394 non

386 4434 623 4519 passim
667 4436 731 4500 et
778 4435 1009 4520 absque
1053 4436 1299 4503 delectu
1344 4436 1757 4503 matrimoniis
1800 4436 2011 4504 mixtis
2073 4435 2417 4501 benedictio
2472 4433 2883 4518 impertiatur,

385 4559 504 4606 nec
549 4559 656 4625 per
696 4540 974 4624 publicas
1018 4542 1454 4609 instructiones
1509 4542 1704 4610 veluti
1763 4543 1958 4608 etiam
2013 4560 2120 4625 per
2169 4539 2417 4606 modum
2463 4537 2720 4623 regulae
2768 4537 2883 4603 tali

384 4649 646 4711 utantur
692 4645 1013 4727 facultate,
1057 4647 1165 4712 sed
1212 4648 1544 4731 prudenter
1585 4647 1923 4715 admodum
1966 4648 2030 4712 et
2073 4650 2276 4726 caute,
2320 4646 2391 4709 ut
2423 4641 2721 4811 οὴίἰνὲοὶιί
2757 4661 2877 4707 non

2550 4748 2588 4810 2
