3303 5013
480 262 610 338 688
1335 287 1685 350 Kirchliche
1723 290 2133 351 Aktemtacke

480 462 824 547 sapientiae
855 483 1094 547 genere,
1143 468 1613 550 persequuntur,
1663 468 1735 532 ut
1777 466 1920 533 inde
1966 467 2043 532 ad
2076 467 2403 535 veritatem
2449 468 2750 534 tuendam
2785 468 2972 553 atque

479 586 723 635 osorum
769 567 911 635 fidei
976 570 1318 638 calumnias
1374 571 1744 637 refellendas
1804 571 2231 637 instructiores
2278 572 2451 640 fiant.
2549 573 2968 639 Veruntamen

480 674 680 738 celare
723 674 886 740 haud
930 694 1272 758 possumus,
1321 676 1470 760 quin
1508 676 1699 743 etiam
1732 676 2118 760 apertissime
2151 676 2526 760 profitemur,
2575 677 2807 761 primas
2838 676 2971 742 Nos

479 797 722 862 semper
778 778 1091 846 delaturos
1147 780 1223 845 iis
1284 781 1422 865 qui,
1495 779 1781 866 quamvis
1841 798 2048 846 sacras
2123 782 2546 866 humanasque
2610 780 2971 866 disciplinas

479 883 733 949 minime
794 886 1206 967 praetereunt,
1264 885 1535 967 proxime
1599 884 1995 950 nihilosecius
2057 885 2408 952 animorum
2468 886 2857 954 utilitatibus
2903 906 2971 951 se

480 987 731 1067 dedant,
756 1006 967 1055 eorum
992 991 1417 1073 procuratione
1441 1008 1787 1067 munerum,
1819 1008 1973 1073 quae
1999 991 2379 1058 sacerdotem
2412 991 2690 1071 deceant,
2722 991 2970 1057 divinae

480 1091 713 1176 gloriae
779 1092 1144 1160 studiosum.
1234 1093 1532 1161 Tristitia
1590 1093 1786 1159 Nobis
1844 1115 2080 1178 mayna
2144 1102 2239 1163 est
2296 1102 2356 1162 ct
2411 1098 2737 1164 continuus
2794 1096 2972 1164 dolor

479 1198 660 1265 cordi
698 1197 928 1264 Nostro
947 1200 1018 1282 ¹),
1080 1217 1266 1282 quum
1310 1197 1528 1264 cadere
1572 1199 1761 1266 etiam
1808 1200 1872 1265 in
1919 1202 2190 1267 aetatem
2239 1204 2510 1268 nostram
2557 1201 2971 1285 conspicimus

481 1303 778 1370 Ieremiae
822 1302 1364 1371 lamentationem:
1431 1303 1702 1371 Parvuli
1742 1306 2062 1386 petierunt
2099 1326 2354 1388 panem,
2416 1312 2477 1374 et
2511 1327 2635 1373 non
2681 1312 2819 1373 crat
2856 1306 2973 1389 qm·

473 1407 795 1492 {ranqeret
834 1407 1018 1494 εἰς’).
1114 1408 1252 1473 Νοιι
1298 1408 1461 1474 enim
1533 1408 1609 1473 de
1665 1408 1826 1474 clero
1890 1408 2137 1489 desunt,
2191 1411 2315 1493 qui,
2381 1430 2489 1494 pro
2532 1412 2829 1494 cuiusque
2877 1410 2970 1475 in·

483 1512 686 1596 genio,
753 1530 999 1596 operam
1048 1512 1205 1577 forte
1263 1515 1491 1578 navent
1535 1513 1718 1579 rebus
1773 1513 2180 1581 adumbratae
2241 1515 2446 1599 potius
2504 1534 2689 1599 quam
2735 1513 2971 1580 solidae

479 1616 814 1682 utilitatis:
865 1618 934 1681 at
992 1635 1202 1682 verum
1264 1636 1382 1683 non
1444 1615 1599 1694 adeo
1664 1617 1847 1682 multi
1913 1621 2314 1686 numerentur
2378 1620 2523 1704 qui,
2584 1618 2661 1685 ad
2731 1617 2969 1686 Christi

479 1721 846 1805 exemplum,
910 1721 1029 1787 sibi
1088 1723 1341 1788 sumant
1396 1722 1744 1806 Prophetae
1806 1722 2078 1789 dictum:
2145 1723 2426 1808 Spirims
2471 1724 2741 1791 Domini
2785 1725 2974 1788 unxit

475 1846 592 1905 mc,
632 1825 1059 1911 cvanqcliaeare
1093 1829 1487 1909 pauperibus
1527 1828 1706 1895 misit
1747 1849 1860 1906 mc,
1920 1849 2155 1895 sanare
2197 1832 2498 1895 contritos
2535 1828 2736 1908 corde,
2776 1848 2969 1910 prae-

476 1931 695 1997 dicare
759 1932 1054 2014 capitivis
1115 1933 1548 1999 remissionem
1612 1939 1670 1998 ct
1736 1933 1941 1999 caecis
1989 1936 2198 2000 visum
2214 1935 2287 2018 ⁸).
2351 1970 2437 1981 —
2498 1931 2694 2013 Quem
2756 1936 2965 1997 tamen

477 2035 703 2120 fugiat,
735 2035 1134 2102 Venerabiles
1181 2037 1447 2115 Fratres,
1494 2056 1684 2120 quum
1734 2037 2012 2104 homines
2058 2039 2297 2103 ratione
2341 2037 2618 2103 maxima
2656 2054 2729 2102 ac
2775 2036 2962 2102 liber-

477 2142 609 2207 tate
652 2139 973 2219 ducantur,
1038 2139 1354 2225 religionis
1414 2141 1803 2225 disciplinam
1852 2142 2233 2225 potissimam
2300 2161 2432 2208 esse
2494 2143 2656 2208 viam
2726 2140 2805 2206 ad
2850 2141 2962 2206 Dei

476 2244 802 2329 imperium
865 2244 930 2311 in
990 2246 1279 2312 humanis
1338 2245 1562 2311 animis
1624 2246 2121 2313 restituendum?
2210 2246 2374 2328 Quot
2432 2245 2613 2330 plane
2663 2248 2810 2311 sunt
2859 2245 2964 2329 qui

478 2347 799 2414 Christum
841 2349 1121 2428 oderunt,
1162 2350 1266 2434 qui
1302 2349 1662 2430 Ecclesiam,
1707 2350 1813 2434 qui
1847 2350 2250 2435 Evangelium
2297 2351 2547 2416 horrent
2579 2350 2965 2435 ignoratione

476 2453 679 2538 magis
736 2472 923 2539 quam
971 2455 1281 2539 pravitate
1326 2455 1557 2521 animi!
1626 2454 1704 2521 de
1750 2455 1972 2540 quibus
2034 2456 2168 2523 iure
2227 2455 2492 2522 dixeris:
2546 2476 2962 2541 quaecumque

473 2559 777 2644 iynorant
824 2560 1252 2644 blasphemant
1268 2560 1338 2646 ⁴).
1433 2561 1623 2645 quue
1672 2580 1786 2626 non
1830 2561 1890 2625 in
1938 2562 2116 2647 plebe
2155 2562 2353 2627 solum
2399 2562 2663 2646 reperire
2707 2563 2803 2627 est
2850 2562 2961 2627 aut

476 2663 540 2729 in
587 2663 799 2731 infima
844 2665 1266 2743 multitudine,
1325 2684 1484 2751 quae
1526 2664 1664 2731 ideo
1710 2665 1773 2730 in
1818 2684 2082 2732 errorem
2127 2665 2310 2733 facile
2371 2665 2681 2743 trahitur:
2738 2664 2845 2730 sed
2893 2663 2958 2730 in

475 2768 738 2835 excultis
781 2771 975 2835 etiam
1020 2769 1335 2836 ordinibus
1383 2773 1567 2855 atque
1613 2770 1765 2836 adeo
1810 2772 1873 2836 in
1918 2771 2016 2851 iis,
2062 2771 2167 2855 qui
2215 2769 2382 2836 haud
2432 2769 2724 2836 mediocri
2754 2771 2963 2837 erudi-

477 2872 641 2939 tione
681 2874 992 2959 ceteroqui
1040 2874 1330 2959 polleant.
1387 2876 1553 2941 Hinc
1596 2895 1776 2961 porro
1820 2876 1881 2940 iu
1930 2876 2237 2960 plerisque
2282 2874 2557 2941 defectus
2598 2874 2761 2942 fidei.
2824 2875 2959 2940 Nou

475 2978 638 3045 enim
685 2977 956 3044 dandum
1003 2982 1132 3060 est,
1194 2980 1488 3046 scientiae
1545 2981 1969 3066 progressibus
2014 2980 2293 3064 extingui
2341 2979 2557 3058 fidem,
2603 2980 2709 3045 sed
2762 2979 2963 3046 verius

475 3083 761 3162 inscitia:
806 3085 878 3150 ut
921 3084 1150 3151 idcirco
1187 3085 1293 3151 ubi
1341 3085 1534 3151 maior
1577 3087 1664 3151 sit
1701 3085 2086 3168 ignorantia,
2144 3084 2229 3149 ibi
2276 3085 2464 3150 etiam
2515 3085 2706 3149 latius
2752 3087 2966 3168 pateat

474 3188 616 3255 fidei
662 3188 945 3259 defectio.
994 3189 1378 3275 Quapropter
1417 3190 1735 3273 Apostolis
1774 3209 1810 3255 a
1842 3190 2089 3256 Christo
2131 3189 2494 3255 mandatum
2527 3192 2651 3256 est:
2698 3190 2960 3269 Eunias,

474 3294 684 3362 docete
725 3315 938 3362 omnes
975 3300 1187 3379 qentes
1205 3294 1282 3381 ⁶).

681 3417 863 3483 Nunc
907 3420 1152 3496 autem,
1216 3421 1289 3484 ut
1339 3438 1411 3484 ex
1455 3418 1709 3485 docendi
1756 3437 2007 3486 munere
2048 3437 2120 3483 ac
2163 3418 2370 3484 studio
2414 3416 2655 3483 fructus
2699 3436 2808 3501 pro
2854 3435 2961 3500 spe

471 3521 735 3589 edantur
778 3524 964 3607 atque
1008 3522 1070 3588 in
1118 3523 1401 3589 omnibus
1440 3525 1751 3606 fometur
1796 3523 2106 3602 Christus,
2154 3522 2216 3588 id
2265 3522 2510 3606 penitus
2555 3522 2618 3587 in
2662 3522 2962 3587 memoria

469 3626 780 3709 insideat,
827 3628 1224 3694 venerabiles
1271 3629 1551 3707 Fratres,
1616 3628 1775 3695 nihil
1835 3628 2081 3694 omnino
2136 3646 2269 3695 esse
2314 3628 2577 3693 caritate
2622 3625 2957 3693 efficacius.

474 3733 622 3799 Non
666 3732 831 3798 enim
868 3735 943 3799 in
984 3736 1379 3801 commotione
1422 3733 1741 3801 Dominus
1757 3733 1831 3818 ⁶).
1909 3733 2094 3798 Allici
2140 3732 2373 3799 animos
2418 3731 2496 3797 ad
2546 3731 2743 3798 Deum
2791 3750 2962 3797 ama-

473 3837 631 3903 riore
675 3837 941 3922 quodam
988 3839 1237 3917 conatu,
1282 3840 1565 3923 speratur
1599 3857 1952 3923 perperam:
1999 3837 2148 3923 quin
2188 3837 2376 3903 etiam
2410 3855 2647 3904 errores
2681 3836 2960 3902 acerbius

305 3952 352 3999 ⁸,
473 3942 809 4026 increpare,
855 3943 1010 4009 vitia
1054 3943 1481 4010 vehementius
1511 3942 1953 4027 reprehendere
1983 3943 2208 4008 damno
2240 3942 2441 4028 magis
2473 3960 2658 4025 quam
2692 3941 2959 4007 utilitati

476 4047 807 4132 aliquando
852 4050 966 4114 est.
1024 4047 1418 4114 Timotheum
1467 4047 1716 4132 quidem
1752 4048 2084 4132 Apostolus
2129 4047 2528 4115 hortabatur:
2575 4047 2812 4131 Aryue,
2857 4047 2961 4112 ob·

469 4171 672 4233 secra,
711 4154 1006 4237 increpa,-
1050 4155 1326 4219 attamen
1358 4152 1661 4220 addebat:
1708 4154 1777 4218 in
1806 4155 1981 4219 omni
1997 4152 2407 4237 patientiffl).
2460 4188 2533 4200 -
2584 4149 2766 4218 Certe
2797 4150 2961 4217 eius-

471 4256 641 4325 modi
681 4257 857 4324 nobis
901 4259 1181 4343 exempla
1228 4257 1499 4343 prodidit
1541 4258 1846 4326 Christus.
1923 4258 2158 4337 Venite,
2196 4257 2285 4323 sic
2333 4257 2533 4340 ipsum
2566 4256 2958 4341 alloquutum

471 4363 772 4449 legimus,
831 4365 1032 4431 vem'te
1084 4364 1173 4430 ad
1229 4384 1328 4430 mc
1382 4383 1594 4432 omnes
1634 4365 1744 4448 qui
1787 4362 2094 4430 laboratis
2127 4368 2188 4430 et
2227 4364 2478 4429 onerati
2521 4362 2706 4441 estis,
2750 4368 2810 4428 et
2852 4383 2962 4447 eqo

680 4612 733 4667 ll
772 4609 1121 4673 aom.1x.2.
1159 4639 1221 4650 -
1259 4612 1316 4679 2)
1338 4610 1535 4667 Taren.
1557 4611 1651 4676 ιν,
1682 4612 1731 4667 4.
1759 4641 1824 4650 -
1849 4611 1885 4668 s
1926 4610 2510 4673 Lue.1V.1s-19.-
2535 4606 2839 4677 4)1ud.11‚
2869 4608 2953 4662 ιο.

476 4701 539 4713 -
577 4677 632 4742 5)
672 4678 843 4734 Matr..
881 4679 1145 4744 xxvm,
1187 4681 1267 4737 19.
1319 4708 1384 4719 —-
1431 4681 1487 4749 e)
1532 4681 1618 4737 111
1669 4682 1802 4752 aeg.
1910 4681 2013 4746 lx,
2067 4681 2147 4738 11.
2197 4709 2257 4719 —
2307 4679 2362 4749 7)
2405 4677 2454 4733 ιι
2492 4677 2629 4733 ιἰω.
2668 4676 2763 4741 ιν,
2794 4677 2846 4731 a
