3303 5013
564 268 692 338 394
1692 289 1929 355 Gener,

566 463 633 528 et
675 461 931 530 civitate
977 461 1339 529 Avinionen.
1388 464 1454 526 et
1498 461 1639 527 aliis
1684 462 1868 528 terris
1916 463 2140 529 nostris
2198 463 2262 528 et
2308 462 2580 529 Romane
2619 462 2875 530 ecclesie
2920 483 3062 548 pre-

558 568 721 633 dicte
765 586 950 651 quam
999 566 1308 632 nonnullis
1356 566 1496 632 aliis
1549 567 1765 645 terris,
1819 567 2062 650 regnis,
2135 567 2499 650 provinciis,
2563 568 2881 651 partibus,
2947 568 3066 634 do·

561 670 768 736 miniis
836 673 1023 754 atque
1087 671 1238 738 locis
1305 674 1368 735 et
1429 672 1562 736 tarn
1627 672 2069 738 camerariatus
2141 671 2489 737 huiusmodi
2557 671 2799 738 racione
2865 692 3062 758 quam

560 775 1058 843 commissionum
1106 777 1488 858 potestatum
1534 777 1597 841 et
1661 774 2092 841 mandatorum
2158 777 2339 842 verbo
2399 776 2494 841 vel
2560 775 2718 842 alias
2780 795 2885 861 per
2949 796 3067 844 nos

559 879 676 945 tibi
722 880 1026 945 factorum
1074 880 1282 964 vigore
1330 878 1427 945 vel
1471 879 1629 945 alias
1674 882 1884 945 nostro
1931 880 1995 945 et
2040 879 2297 946 ecclesie
2343 899 2418 946 ac
2462 899 2702 945 camere
2744 880 3063 965 predicta·-

559 1004 694 1050 rum
742 984 1091 1050 nominibus
1135 985 1435 1069 gesseris,
1482 982 1861 1050 ordinaveris
1908 988 1971 1049 et
2025 984 2554 1050 administraveris
2598 1005 2670 1050 ac
2710 984 2879 1063 fieri,
2942 986 3064 1052 ad·

559 1088 901 1155 ministrari
946 1091 1010 1154 et
1053 1088 1323 1155 ordinari
1366 1087 1599 1166 feceris,
1648 1089 2091 1172 procuraveris,
2156 1089 2509 1173 promiseris
2555 1091 2619 1154 et
2663 1089 3060 1158 tolleraveris

559 1212 631 1259 ac
677 1192 1081 1259 ratificaveris
1124 1212 1232 1258 nos
1271 1195 1445 1258 tuam
1490 1191 1857 1259 fidelitatem
1903 1192 2350 1276 obsequiosum,
2399 1193 2951 1277 promptitudinem
2987 1198 3060 1260 et

556 1297 928 1364 industriam
989 1298 1496 1381 circumspectam
1553 1298 1619 1361 in
1671 1296 1989 1380 premissis
2035 1300 2099 1363 et
2143 1296 2284 1362 aliis
2330 1298 2556 1364 uostris
2597 1300 2663 1362 et
2706 1298 2903 1382 ipsius
2946 1318 3056 1365 ec-

556 1402 740 1468 clesie
786 1402 1061 1487 negociis
1109 1401 1538 1486 multipliciter
1599 1402 2059 1486 comprobatam
2126 1420 2357 1469 necnon
2419 1402 2545 1467 alia
2606 1405 2788 1486 grata
2848 1403 3053 1487 pluri-

557 1526 725 1573 mum
778 1509 844 1573 et
901 1509 1157 1590 accepta
1214 1506 1507 1584 servicia,
1568 1525 1688 1590 que
1751 1506 1922 1572 nobis
1972 1508 2035 1572 et
2086 1505 2282 1571 eidem
2331 1507 2586 1572 ecclesie
2634 1507 2860 1573 studiis
2903 1526 3054 1574 con-

553 1612 747 1678 tinuis
790 1611 1141 1696 impendere
1188 1630 1306 1677 non
1347 1610 1576 1676 desinis
1621 1614 1868 1677 attenta
1912 1610 2327 1676 meditacione
2373 1612 2699 1695 pensantes
2754 1614 2820 1676 et
2864 1631 2939 1676 ne
2979 1617 3056 1678 tu

556 1717 651 1783 vel
700 1716 952 1783 heredes
995 1734 1393 1794 successores,
1439 1718 1789 1781 executores
1819 1718 1882 1780 et
1913 1734 1950 1781 a
1979 1717 2043 1781 te
2062 1718 2112 1798 ⁸)
2159 1734 2407 1780 causam
2444 1715 2741 1781 babentes
2772 1719 2834 1781 et
2869 1716 3052 1782 babi-

557 1820 682 1885 turi
725 1821 975 1904 possitis
1021 1820 1422 1904 imposterum
1473 1821 1790 1885 occasione
1842 1820 2276 1903 premissorum
2326 1819 2418 1885 vel
2467 1819 2732 1885 alicuius
2778 1840 2850 1885 ex
2896 1822 3053 1904 ipsis

556 1925 868 1991 molestari
933 1924 1028 1990 vel
1087 1924 1329 1990 turbari
1392 1925 1696 2009 provideri
1763 1925 2036 1989 volentes
2097 1924 2304 1989 omnia
2343 1927 2406 1989 et
2453 1925 2703 2009 singula
2749 1926 3053 2009 premissa

552 2048 627 2094 ac
669 2048 1052 2114 quecumque
1098 2032 1162 2095 et
1206 2027 1683 2113 qualiacumque
1728 2047 1801 2093 ac
1841 2033 2339 2113 quantacumque
2382 2029 2602 2107 eciam,
2648 2029 2700 2093 si
2745 2029 2821 2094 de
2865 2048 3053 2113 snpe-

553 2133 682 2198 rius
727 2134 1094 2218 expressatis
1140 2134 1378 2199 maiora
1417 2133 1581 2212 sint,
1643 2152 1760 2216 que
1804 2133 2001 2198 eciam
2041 2133 2169 2198 sive
2212 2133 2273 2197 in
2323 2133 2530 2214 libris,
2593 2135 2890 2217 regestris
2938 2155 3051 2201 sen

552 2237 876 2321 scripturis
922 2237 1182 2321 publicis
1230 2237 1326 2304 vel
1372 2237 1631 2321 privatis
1678 2236 1842 2303 dicte
1886 2255 2126 2302 camere
2173 2237 2269 2303 vel
2303 2237 2444 2304 aliis
2475 2238 2910 2304 contineantur
2950 2241 3050 2307 vel

550 2341 937 2425 reperiantur
1001 2341 1130 2408 sive
1199 2361 1318 2408 non
1386 2342 1774 2426 presentibus
1844 2341 2058 2407 haberi
2123 2341 2400 2407 volumus
2460 2361 2569 2426 pro
2631 2344 2932 2427 expressis
2986 2347 3052 2411 et

551 2445 959 2532 singulariter
1021 2445 1364 2532 designatis
1419 2465 1527 2531 per
1585 2449 1650 2512 te
1710 2465 1820 2512 seu
1879 2447 1986 2513 tuo
2042 2445 2332 2513 mandato
2370 2449 2435 2513 et
2475 2465 2772 2512 consensu
2816 2452 2928 2514 aut
2971 2449 3049 2514 de

555 2552 908 2632 voluntate,
957 2551 1425 2636 procuracione,
1472 2551 1871 2635 promissione
1921 2551 2013 2617 vel
2061 2551 2451 2618 ordinacione
2503 2554 2635 2618 tam
2688 2553 3044 2619 huiusmodi

552 2657 994 2723 camerariatus
1056 2676 1240 2740 qnam
1289 2658 1517 2736 nostro,
1576 2655 1833 2722 ecclesie
1898 2657 2170 2721 Romane
2219 2658 2283 2720 et
2326 2674 2564 2722 caniere
2624 2657 3039 2740 predictarum

552 2760 900 2827 nominibus
942 2779 983 2825 a
1027 2759 1198 2826 dicta
1241 2759 1340 2825 die
1397 2778 1589 2844 usque
1645 2759 1722 2825 ad
1784 2759 1996 2824 datam
2060 2759 2443 2844 presencium
2501 2761 3044 2847 quomodocunque

549 2864 1060 2950 qualitercunque
1113 2866 1175 2930 et
1222 2864 1571 2949 ubicunque
1617 2863 1803 2943 facta,
1853 2866 2051 2948 gesta,
2097 2868 2447 2949 procurata,
2508 2866 2800 2945 tractata,
2863 2865 3038 2960 inita,

550 2986 871 3047 concessa,
930 2968 1236 3053 quittata,
1283 2968 1577 3049 remissa,
1620 2967 1906 3034 ordinata
1946 2970 2008 3034 et
2049 2968 2488 3034 administrata
2525 2988 2635 3034 seu
2680 2968 2838 3034 alias
2881 2989 3032 3055 quo-

549 3071 884 3139 modolibet
925 3075 1111 3156 pacta
1155 3072 1231 3137 de
1276 3072 1425 3156 ipsis
1472 3072 1548 3137 ad
1597 3071 1846 3155 plenum
1892 3071 2221 3138 certificati
2277 3075 2446 3138 motu
2504 3073 2745 3156 proprio
2796 3092 2910 3138 non
2960 3074 3031 3138 ad

546 3178 722 3243 tuam
771 3177 867 3242 vel
908 3177 1163 3243 alterius
1211 3196 1320 3261 pro
1359 3179 1423 3242 te
1470 3176 1642 3242 nobis
1686 3196 1869 3260 super
1908 3177 2024 3243 hoc
2070 3176 2275 3243 oblate
2309 3176 2630 3260 peticionis
2667 3177 3033 3243 instanciam

547 3280 652 3346 sed
700 3300 773 3346 ex
818 3283 1028 3347 nostra
1073 3282 1243 3346 certa
1294 3281 1558 3347 sciencia
1620 3284 1685 3347 et
1745 3281 2081 3365 apostolice
2141 3281 2467 3364 potestatis
2524 3280 2910 3364 plenitudine
2969 3300 3034 3347 ac

546 3384 621 3452 de
663 3384 916 3451 consilio
961 3387 1027 3452 et
1069 3403 1323 3451 assensu
1369 3385 1811 3452 venerabilium
1857 3383 1991 3471 (fol.
2038 3384 2144 3469 2')
2192 3384 2455 3451 fratrum
2503 3390 2851 3451 nostrorum
2902 3405 3033 3469 pre·

544 3488 710 3555 dicte
757 3488 1025 3554 Romane
1072 3489 1329 3555 ecclesie
1374 3489 1786 3557 cardinalium
1832 3488 2169 3573 apostolica
2231 3488 2605 3555 auctoritate
2653 3489 3028 3572 presencium

545 3597 755 3661 tenore
798 3593 1198 3675 ratificamus,
1246 3594 1656 3679 approbamus
1696 3596 1758 3658 et
1802 3594 2235 3659 confirmamus
2275 3596 2340 3658 et
2384 3596 2599 3677 sponte
2642 3593 3026 3677 recognosci-

548 3718 681 3765 mus
714 3718 785 3765 ea
816 3698 892 3765 de
927 3702 1135 3765 nostro
1171 3698 1949 3783 beneplacito'processisse
1983 3701 2047 3763 et
2085 3699 2334 3782 insuper
2368 3696 2644 3763 defectus
2661 3696 2738 3781 ¹²),
2782 3714 3032 3772 errores,

542 3822 842 3885 excessus,
889 3806 1066 3870 actus
1111 3804 1175 3869 et
1221 3805 1574 3869 contractus
1620 3801 1816 3869 eciam
1850 3802 2102 3868 illicitos
2135 3802 2201 3866 et
2230 3801 2556 3879 indebitos,
2601 3802 2654 3866 si
2696 3801 3032 3883 quiessent

543 3912 606 3974 et
650 3909 776 3975 alia
818 3908 976 3974 vicia
1021 3926 1400 3993 quecunque,
1446 3906 1499 3972 si
1541 3925 1665 3992 qua
1709 3907 1905 3972 eciam
1953 3908 2161 3990 preter
2206 3910 2271 3972 et
2310 3908 2523 3972 contra
2554 3905 3024 3973 constitutiones

541 4031 649 4096 per
694 4031 801 4078 nos
848 4012 913 4077 et
956 4011 1412 4096 predecessores
1453 4015 1691 4077 nostros
1736 4011 1935 4076 factas
1981 4029 2053 4077 ac
2099 4010 2236 4076 iura
2280 4012 2345 4076 et
2388 4009 2813 4075 ordinaciones
2867 4010 3031 4075 curie

543 4117 819 4184 Romane
861 4116 959 4183 vel
1002 4135 1241 4183 camere
1295 4115 1629 4200 apostolice
1690 4115 2154 4200 quomodolibet
2215 4134 2321 4198 per
2371 4116 2437 4179 te
2506 4113 2605 4179 vel
2666 4112 2859 4179 aliurn
2924 4133 3028 4180 seu

540 4220 696 4288 alios
742 4224 849 4287 tuo
894 4221 1141 4287 nomine
1180 4241 1288 4288 seu
1335 4224 1398 4286 te
1453 4220 1812 4299 mandante,
1856 4220 2265 4305 permictente
2314 4219 2408 4285 vel
2452 4219 2885 4285 consenciente
2928 4237 3032 4283 seu

539 4325 785 4393 nomine
830 4329 938 4391 tuo
986 4325 1180 4390 iactos
1228 4326 1432 4392 ratum
1482 4325 1751 4392 habente
1795 4330 1860 4391 et
1900 4324 2156 4391 ecclesie
2202 4344 2275 4391 ac
2322 4342 2566 4389 camere
2613 4323 3030 4408 predictarum

536 4434 648 4496 ant
694 4429 1096 4497 ecclesiarum
1141 4448 1532 4513 personarum
1583 4429 2139 4496 ecclesiasticarum
2209 4428 2303 4493 vel
2342 4427 2734 4503 secularium,
2787 4428 3031 4492 univer·

536 4534 815 4612 sitatum‚
870 4533 1385 4599 communitatum
1432 4535 1527 4600 vel
1572 4534 2010 4619 collegiorum,
2057 4532 2490 4616 preiudicium,
2541 4533 2877 4616 dampnum
2925 4550 3030 4597 seu

745 4699 799 4765 a)
837 4697 971 4754 Von
1001 4700 1270 4754 ander-er
1308 4699 1491 4756 Hand
1527 4701 1801 4755 dau-aber
1836 4700 2246 4770 yeecnrieben.
2281 4728 2349 4741 —
2385 4697 2443 4768 b)
2485 4699 2568 4754 Hs
2605 4696 2883 4756 deffectus.
