3303 5013
510 268 594 342 98
1365 283 1715 351 Κίνοὴῑέοὴε
1754 283 2156 351 Aktemtucke

512 469 939 554 responderet,
1001 468 1172 533 nulla
1227 486 1396 534 mora
1458 469 1647 552 atque
1705 468 1921 535 sedulo
1979 467 2405 552 inquirendum
2454 466 2594 533 fnit.
2690 463 2868 533 Hanc
2913 467 2990 533 ob

511 595 640 641 rem
662 624 677 653 ,
748 573 1180 640 Venerabilem
1242 573 1521 639 Fratrem
1584 572 1906 638 Placidum
1960 571 2335 638 Ludovicum
2391 571 2717 656 chapelle,
2781 572 2995 637 Novae

513 679 803 745 Aureliae
838 677 1399 761 Archiepiscopum,
1442 677 1820 761 Delegatum
1852 677 2171 757 Nostrum,
2202 677 2685 743 extraordinario
2718 695 2989 755 munere,

511 784 574 848 in
624 782 1009 867 Philippinas
1054 782 1301 848 Insulas
1348 781 1659 862 misimus,
1706 782 1846 866 qui,
1901 782 2082 847 rebus
2129 800 2331 847 coram
2377 782 2672 864 inspectis
2718 799 2994 865 quaeque

510 907 746 953 moram
794 892 857 952 et
899 887 1413 954 sustentationem
1460 905 1579 952 non
1627 888 1961 967 haberent,
2021 886 2353 967 ordinatis,
2417 886 2494 951 ad
2542 886 2670 952 Nos
2713 886 2990 952 referret.

517 991 807 1058 Delatum
876 990 1148 1058 officium
1212 992 1266 1056 is
1332 990 1580 1075 quidem
1651 1010 1756 1075 pro
1824 991 2050 1057 fiducia
2114 991 2345 1057 Nostra
2403 990 2702 1074 explevit3
2768 989 2994 1075 dignus

514 1098 834 1181 propterea
878 1115 1061 1180 quem
1108 1096 1329 1161 merita
1374 1094 1771 1161 honestamus
1812 1095 2013 1162 laude.
2091 1098 2316 1161 Postea
2361 1094 2626 1179 contigit
2669 1114 2740 1159 ex
2784 1093 2993 1178 auspi-

513 1203 651 1266 cato
719 1204 790 1266 ut
849 1200 1127 1283 regimen
1186 1199 1513 1266 civitatum
1573 1200 1894 1266 Americae
1941 1199 2417 1266 Foederatarum
2466 1218 2571 1284 per
2615 1198 2992 1283 legationem

509 1304 885 1389 singularem
953 1322 1092 1370 cnm
1157 1303 1272 1369 hac
1339 1303 1400 1372 S.
1470 1303 1627 1369 Sede
1696 1304 1951 1370 consilia
2017 1303 2247 1369 directe
2314 1304 2590 1370 conferre
2657 1301 2996 1386 susceperit

510 1410 675 1475 circa
722 1407 967 1474 modum
1015 1408 1343 1473 nonnullas
1389 1427 1516 1473 rem
1565 1406 1950 1473 Catholicam
1996 1407 2060 1472 in
2111 1406 2482 1490 Philippinis
2527 1405 2754 1473 Insulis
2798 1405 2995 1490 respi-

516 1515 748 1581 cientes
790 1512 1179 1599 quaestiones
1223 1511 1573 1578 dirimendi.
1632 1511 1880 1596 Coeptis
1923 1511 2142 1577 libenti
2190 1512 2435 1595 quidem
2479 1511 2685 1576 animo
2731 1510 2994 1576 fovimus

513 1622 576 1686 et
619 1618 1077 1704 negotiatorum
1138 1618 1412 1684 navitate
1476 1636 1547 1682 ac
1609 1616 2024 1683 moderatione
2088 1617 2476 1697 iuvantibus,
2543 1616 2724 1682 facile
2793 1616 2997 1698 patuit

511 1723 719 1790 aditus
766 1723 844 1787 ad
890 1721 1392 1804 compositionem
1437 1740 1598 1806 quae
1640 1740 1801 1786 nnnc
1845 1722 1976 1805 ipso
2023 1721 2087 1786 in
2131 1722 2262 1787 loco
2301 1720 2573 1787 curanda
2619 1721 2756 1788 erit.
2820 1719 2994 1802 Quae

511 1825 743 1908 igitur,
792 1825 1024 1892 auditis
1067 1827 1395 1893 sententiis
1439 1826 1871 1892 nonnullorum
1920 1825 1982 1892 S.
2032 1825 2101 1892 R.
2145 1826 2212 1893 E.
2263 1825 2685 1892 Cardinalinm
2732 1822 2793 1891 S.
2835 1824 2988 1891 Gon·

515 1928 899 2015 gregationis
966 1929 1467 1995 extraordinariis
1522 1930 1788 2016 negotiis
1834 1929 2238 2013 praepositae,
2284 1930 2697 2013 diuturnoque
2739 1928 2998 1994 consilio

512 2033 757 2118 agitata
799 2031 1116 2099 Ecclesiae
1162 2034 1509 2099 rationibus
1553 2035 1618 2098 in
1666 2033 2037 2118 Philippinis
2087 2035 2316 2102 Insulis
2358 2035 2695 2101 conducere
2725 2033 2995 2099 maxime

515 2139 646 2204 visa
688 2140 853 2217 sunt,
902 2137 1207 2222 praesenti
1249 2137 1706 2204 Constitutione
1754 2138 2109 2222 Apostolica
2154 2139 2453 2206 edicimus
2484 2142 2548 2205 et
2581 2137 2994 2223 publicamus,

512 2243 829 2326 sperantes
873 2241 999 2307 fore
1031 2244 1124 2320 ut,
1170 2259 1324 2324 quae
1357 2241 1483 2307 Nos
1514 2260 1802 2326 suprema
1834 2243 2225 2309 Auctoritate
2256 2242 2713 2321 constituimus,
2759 2240 2995 2325 publici

509 2344 856 2431 Regiminis
915 2346 1232 2429 aequitate
1292 2365 1365 2411 ac
1423 2346 1668 2412 institia
1726 2348 2005 2428 favente,
2068 2334 2340 2413 studiose
2401 2350 2735 2432 sancteque
2780 2347 2990 2413 obser-

514 2454 751 2520 ventur.

717 2557 766 2622 I.
820 2593 893 2605 —
945 2557 1043 2625 De
1082 2579 1248 2625 nova
1276 2558 1675 2626 Dioeccsium
1700 2560 2299 2642 circumscriptione.
2342 2593 2430 2606 —-
2475 2557 2751 2623 Primum
2784 2557 2982 2642 igitur

509 2661 586 2727 de
627 2660 995 2728 Hierarcbia
1039 2680 1217 2727 sacra
1262 2661 1694 2746 amplificanda
1743 2681 1912 2730 mens
1940 2664 2035 2728 est
2068 2682 2140 2729 ac
2171 2663 2572 2747 propositum.
2633 2660 2993 2727 Constitnta

507 2766 775 2850 quidem,
828 2769 895 2831 ut
942 2766 1226 2845 diximus,
1274 2786 1310 2832 a
1352 2766 1650 2852 Gregorio
1695 2767 1895 2848 xm„
1946 2768 2265 2833 Manilana
2309 2767 2593 2846 dioecesi,
2639 2768 2821 2834 aucto
2852 2784 2990 2831 sen·

508 2872 626 2939 sim
674 2871 947 2937 fidelium
988 2874 1167 2938 coetu
1214 2875 1345 2937 tum
1395 2871 1846 2957 indigenarum,
1894 2873 1997 2957 qui
2042 2871 2349 2939 catholica
2382 2890 2559 2937 sacra
2588 2872 2988 2954 susciperent,

507 2977 644 3040 tum
706 2996 777 3041 ex
836 2977 1078 3059 Europa
1133 2976 1545 3056 advenarum,
1607 2977 1889 3043 Clemens
1942 2977 2111 3043 VIII.
2160 2976 2596 3061 Episcopornm
2644 2994 2988 3052 numerum,

507 3080 613 3162 qui
655 3083 1024 3163 praeessent,
1073 3080 1423 3166 augendum
1468 3083 1726 3148 censuit.
1796 3082 2001 3165 Quare
2052 3081 2431 3147 Manilanam
2486 3081 2821 3148 Ecclesiam
2872 3082 2989 3146 Ar·

506 3183 940 3268 cbiepiscopali
986 3185 1172 3251 titulo
1217 3186 1569 3252 honestavit
1603 3186 1944 3270 eidemque,
1995 3187 2192 3252 tribus
2235 3186 2542 3252 institutis
2588 3184 2988 3262 dioecesibus,

511 3287 840 3373 Episcopos
900 3287 1290 3369 Cebuanum,
1361 3288 1760 3356 Cacerensem
1823 3310 1895 3355 ac
1952 3292 2507 3376 Neosegoviensem
2567 3289 2991 3372 suffraganeos

509 3411 640 3458 esse
682 3392 894 3458 voluit.
980 3392 1097 3460 His
1144 3412 1340 3476 porro,
1387 3412 1549 3460 anno
1600 3395 1782 3477 1865,
1837 3395 2088 3462 additus
2130 3399 2226 3461 est
2271 3394 2673 3479 Episcopatus
2707 3392 2991 3460 Iarensis.

509 3498 806 3563 Attamen
852 3497 1224 3565 dioecesium
1274 3500 1491 3564 barum
1537 3518 1609 3566 ea
1647 3501 1743 3566 est
1788 3499 2134 3583 amplitudo
2177 3501 2267 3579 ut,
2319 3499 2395 3564 ob
2442 3497 2838 3565 intervallum
2870 3516 2993 3580 quo

507 3602 642 3668 loca
670 3601 1102 3682 dissociantur,
1152 3607 1338 3688 atque
1381 3604 1674 3669 itinerum
1708 3603 2164 3684 difficultatem,
2201 3604 2297 3669 vix
2326 3602 2646 3687 contingat
2674 3601 2994 3686 Episcopis

506 3706 649 3773 illas
708 3705 824 3771 nisi
881 3726 1122 3774 summo
1181 3708 1388 3775 labore
1443 3725 1896 3793 quoquoversus
1942 3707 2226 3775 lustrare.
2317 3707 2730 3790 Quamobrem
2768 3704 2993 3771 suadet

507 3811 837 3879 necessitas
888 3814 994 3891 ut,
1056 3813 1223 3878 nacti
1289 3814 1815 3897 opportunitatem
1889 3816 2269 3896 temporum,
2337 3811 2627 3897 antiquas
2685 3811 2994 3876 dioeceses

507 3916 759 3981 arctiori
804 3916 1067 3983 termino
1112 3917 1497 3997 definiamus,
1544 3917 1820 4001 aliasque
1865 3918 1940 3982 de
1984 3917 2228 4001 integro
2260 3917 2583 3984 addamus.
2635 3915 2993 4000 Eapropter,

507 4019 824 4086 Manilano
871 4021 1417 4106 Arcbiepiscopatu
1463 4040 1535 4087 ac
1587 4022 1971 4088 dioecesibus
2016 4021 2333 4102 Cebuana,
2400 4022 2771 4100 Cacerensi‚.
2818 4020 2990 4088 Neo·

504 4122 846 4210 segoviensi
892 4127 956 4190 et
1013 4125 1248 4191 latensi
1306 4125 1602 4204 servatis,
1665 4127 1929 4210 quatuor
1984 4125 2231 4207 insuper
2289 4124 2618 4193 adiicimus
2672 4128 2737 4193 et
2803 4125 2989 4192 insti—

502 4231 733 4295 tuimus
780 4227 1113 4307 dioeceses3
1179 4230 1500 4313 Lipensem
1563 4229 1880 4308 videlicet,
1930 4229 2567 4313 Tuguegaraoanam,
2617 4230 2990 4313 Capizanam

500 4338 563 4400 et
604 4334 1204 4418 Zamboangensem,
1248 4334 1597 4413 universas,
1648 4337 1717 4400 ut
1763 4335 2038 4412 ceterae,
2092 4333 2450 4400 Manilanae
2491 4332 2813 4417 Metropoli
2860 4335 2995 4399 suf-

504 4439 851 4525 fraganeas.
938 4437 1010 4502 In
1058 4438 1351 4505 Marianis
1397 4441 1715 4523 praeterea
1761 4436 1990 4503 Insulis
2044 4439 2502 4505 Praefecturam
2569 4434 2991 4520 Apostolicam

510 4561 824 4623 creamus,
871 4560 1028 4627 quae
1073 4543 1269 4610 Nobis
1315 4563 1387 4610 ac
1431 4540 1894 4610 Successoribus
1940 4541 2217 4620 Nostris,
2269 4543 2640 4609 auctoritate
2683 4539 2854 4604 nulla
2901 4541 2994 4604 in-

499 4649 818 4732 terposita,
870 4653 1107 4733 pareat.
