3303 5013
562 264 692 331 488
1414 281 1766 338 Kaerchzecne
1808 281 2213 337 Akcemtacke

563 456 836 532 meatus,
877 453 1352 538 exploratissimi
1397 453 1553 518 iuris
1594 454 1692 516 est
1735 451 1828 517 uti
1873 451 2051 517 docet
2094 470 2236 516 cum
2282 453 2599 518 communi
2633 451 2913 516 Barbosa
2955 451 3068 518 Dc

562 558 729 627 Gan.
774 565 831 625 et
875 559 1097 643 diynit.
1143 579 1280 639 cap.
1329 563 1421 624 12
1464 579 1527 623 n.
1573 561 1660 622 18
1695 577 1820 639 seq.
1861 555 1916 620 ei
1946 556 2220 621 firmavit
2253 556 2335 623 H.
2368 555 2430 623 S.
2466 556 2533 623 Ο.
2567 557 2633 619 in
2658 557 3064 622 Maceratm.

566 663 858 745 optionis
897 667 1017 729 22.
1061 661 1316 729 Decem,
1360 666 1577 728 1832.-
1638 662 1702 725 et
1757 661 1822 725 in
1881 660 2205 726 Picentina
2265 659 2558 742 optionis
2603 665 2707 726 31.
2756 660 3070 725 Ianuarii

562 771 755 845 1856,
803 769 867 831 et
911 766 1006 830 uti
1055 765 1370 848 praedicat
1415 765 1695 838 effatum,
1742 765 2113 831 canonicum
2155 785 2286 830 non
2319 764 2467 844 ficri
2486 785 2607 846 per
2623 764 3068 847 praebendam

561 872 675 939 sed
706 892 830 953 per
864 871 1272 952 receptionem
1315 873 1389 935 im
1428 870 1721 948 fratrem.
1808 867 2049 951 Quippe
2093 868 2156 931 in
2205 868 2399 933 citata
2445 867 2842 934 Macen-aten-
2889 867 2968 931 ad
3007 866 3063 933 1.

565 975 728 1041 Dub.
777 975 870 1039 ita
907 977 1315 1055 conceptum:
1366 975 1514 1039 »An
1556 974 1805 1054 optioni
1844 972 1932 1038 sit
1971 972 2240 1038 obnooeia
2266 970 2641 1056 praebenda
2682 978 2932 1037 tautum
2971 992 3062 1036 an

551 1079 921 1161 praebenda
957 1078 1151 1145 simul
1192 1084 1250 1144 et
1293 1081 1700 1144 canonicatus
1739 1078 1815 1143 in
1856 1096 2078 1155 casu«,
2143 1075 2372 1158 prodiit
2416 1093 2810 1158 responsum·
2874 1077 3063 1158 affir-

563 1186 794 1250 mative
836 1182 926 1249 ad
972 1188 1105 1249 1.“”·
1139 1188 1428 1264 parterm
1470 1183 1755 1265 neyative
1797 1180 1885 1246 ad
1927 1186 1995 1247 2.
2000 1192 2087 1246 Μ.

776 1285 929 1350 Inde
973 1285 1304 1351 admittere
1346 1285 1444 1350 fas
1488 1288 1609 1360 est,
1657 1285 1721 1348 in
1766 1283 2038 1366 capitulo
2083 1283 2547 1367 osnaburgensi
2592 1284 2802 1368 plures
2843 1283 3061 1348 baberi

565 1389 966 1454 canonicatus
1033 1407 1291 1473 quorum
1370 1388 1443 1454 fit
1506 1387 1758 1453 collatio
1824 1390 1891 1453 et
1958 1388 2256 1471 possessio
2322 1387 2679 1453 conceditur
2745 1387 3062 1453 canonicis

563 1512 752 1577 quum
805 1493 866 1557 hi
913 1492 1255 1575 capitulum
1305 1491 1769 1574 ingrediuntur,
1838 1491 2059 1557 deinde
2119 1510 2294 1570 vero,
2363 1511 2511 1584 quin
2567 1491 2697 1556 ulla
2753 1491 3064 1556 habeatur

564 1615 725 1662 nova
763 1595 939 1662 tituli
986 1596 1274 1673 collatio,
1336 1599 1400 1661 et
1458 1595 1787 1678 possessio,
1850 1596 1923 1660 fit
1976 1614 2265 1661 ascensus
2307 1596 2706 1663 necessarias
2747 1596 2826 1659 ad
2863 1616 3058 1676 prac-

563 1701 801 1768 bcndas
846 1719 954 1765 seu
1000 1702 1078 1764 ad
1125 1699 1438 1766 fructuum
1486 1700 1938 1782 assignationes
1998 1718 2155 1783 quae
2207 1700 2460 1783 proinde
2505 1703 2753 1765 tantum
2799 1719 3060 1766 numae

564 1805 1037 1888 distinguuntur
1084 1809 1148 1869 et
1192 1804 1544 1886 pinguiores
1589 1806 1737 1869 sunt
1784 1822 1889 1887 pro
1934 1804 2171 1869 numeri
2219 1804 2559 1885 prioritate.
2636 1804 2728 1868 Re
2772 1803 2867 1867 ita
2915 1822 3055 1868 con·

563 1909 828 1986 stituta‚
900 1927 1018 1973 non
1079 1909 1176 1973 est
1232 1907 1505 1973 alienum
1566 1926 1604 1973 a
1664 1908 1896 1991 regulis
1954 1907 2108 1972 iuris
2168 1908 2328 1992 quod
2389 1926 2714 1974 ascensum
2761 1906 2954 1973 faciat
2997 1911 3061 1973 et

565 2013 848 2079 altiorem
895 2014 1177 2094 attingat
1221 2012 1631 2096 praebendam
1661 2012 1853 2078 etiam
1886 2012 2217 2078 canonicus
2247 2012 2495 2095 penitus
2527 2032 2768 2088 amens,
2817 2012 3055 2076 nullam

563 2116 921 2201 significans
960 2116 1057 2181 sui
1104 2115 1296 2180 animi
1343 2115 1941 2181 determinationem.
2017 2116 2156 2180 Hac
2200 2114 2277 2180 de
2314 2133 2502 2181 causa
2548 2114 2807 2180 Statuta
2852 2114 3056 2197 Capit.

564 2224 638 2287 in
696 2221 799 2290 cit.
858 2220 911 2303 5
956 2224 1041 2286 13
1107 2220 1406 2285 eiusmodi
1474 2219 1789 2285 fructuum
1858 2220 2114 2284 alterius
2185 2220 2572 2302 praebendae
2638 2218 3056 2285 accessionem

566 2325 807 2410 proprie
847 2343 964 2389 non
1014 2327 1236 2389 vocant
1281 2325 1622 2407 optionem,
1683 2344 1874 2409 quum
1937 2330 2154 2406 optare
2218 2322 2504 2389 videatur
2553 2328 2792 2389 motum
2836 2324 3052 2389 volun·

563 2429 719 2495 tatis
764 2428 1103 2494 necessario
1149 2428 1461 2493 continere
1506 2427 1613 2492 sed
1659 2426 1975 2511 appellant
2016 2427 2383 2511 simpliciter
2426 2447 2778 2495 ascensum.

775 2533 1263 2600 constitutiones
1307 2534 1516 2597 autem
1561 2533 1935 2614 capitulares
1980 2533 2075 2598 ita
2103 2532 2546 2616 intelligendas
2576 2550 2709 2598 esse
2739 2534 3054 2598 testantur

564 2639 682 2722 ipsi
726 2637 1040 2713 canonici;
1086 2639 1152 2701 et
1195 2637 1346 2720 ipsis
1393 2636 1544 2702 fides
1590 2636 1938 2720 adjicienda
1983 2641 2114 2715 est:
2158 2638 2383 2721 quippe
2430 2655 2527 2702 res
2571 2641 2667 2701 est
2705 2654 2868 2720 quae
2897 2636 3053 2718 ipso-

563 2761 701 2807 rum
745 2742 1027 2817 intersit3
1076 2742 1358 2824 quamvis
1404 2740 1605 2820 hodie,
1645 2744 1713 2805 et
1759 2741 1872 2807 hoc
1902 2741 2142 2806 adverti
2174 2740 2376 2818 debet.
2419 2759 2632 2824 reapse
2663 2746 2728 2805 et
2761 2740 3048 2805 heredum

564 2844 841 2911 canonici
885 2844 1069 2910 Cosse
1117 2847 1181 2911 et
1223 2864 1445 2910 causae
1490 2846 1628 2928 piae
1675 2864 1712 2909 a
1756 2844 2060 2910 Canonico
2106 2844 2353 2909 Meurer
2381 2848 2761 2910 testamento
2803 2848 3050 2911 vocatae

563 2950 727 3017 ratio
790 2949 1074 3015 habenda
1118 2952 1248 3034 θεῖς
1316 2967 1648 3032 eorumque
1715 2948 1956 3014 iuribus
2023 2949 2321 3032 derogare
2388 2968 2506 3014 non
2572 2952 2669 3013 est
2734 2950 3041 3032 integrum

564 3070 893 3120 canomcls.

771 3154 987 3236 Quoad
1029 3157 1298 3222 alteram
1342 3158 1764 3240 quaestionem
1804 3157 1930 3222 iam
1979 3157 2310 3241 Episcopus
2361 3156 2581 3223 attulit
2639 3157 2795 3222 iuris
2841 3161 3046 3224 aucto-

564 3260 784 3325 ritates
829 3263 894 3323 et
939 3259 1018 3327 H.
1066 3258 1126 3327 S.
1175 3260 1244 3327 C.
1306 3260 1894 3342 iurisprudentiam‚
1959 3261 2119 3326 unde
2176 3261 2512 3337 evincitur,
2574 3261 2902 3327 canonicos
2957 3262 3048 3326 in·

562 3363 773 3428 firmos
828 3365 1137 3428 immunes
1192 3383 1325 3430 esse
1381 3365 1461 3431 ab
1515 3366 1801 3432 omnibus
1846 3366 2203 3432 muneribus
2249 3365 2707 3432 canonicalibus
2751 3367 2819 3432 et
2864 3365 3046 3431 nihilo

563 3467 762 3533 secius
825 3467 1050 3533 lucrari
1121 3485 1333 3533 omnes
1399 3467 1638 3533 fructus
1707 3468 1803 3534 sui
1868 3470 2282 3535 canonicatus.
2380 3470 2604 3535 Verum
2650 3469 2718 3534 in
2764 3469 3047 3553 Capitulo

563 3572 1026 3657 osnaburgensi
1077 3572 1402 3638 constituti
1446 3574 1593 3638 sunt
1638 3573 1853 3638 vicarii
1901 3574 1965 3640 et
2009 3573 2072 3638 hi
2118 3574 2248 3640 loco
2289 3575 2736 3641 canonicorum
2779 3574 3046 3657 impedi·

560 3686 766 3744 torum
826 3679 1114 3742 tenentur
1170 3676 1249 3741 ad
1313 3694 1538 3741 munus
1593 3675 2093 3756 hebdomadarii,
2156 3678 2233 3743 ad
2294 3677 2772 3744 celebrationem
2827 3680 3048 3744 missae

561 3783 1014 3858 conventualis,
1061 3783 1150 3846 eis
1190 3799 1462 3866 congrua
1507 3780 1749 3846 tributa
1793 3782 2322 3860 remuneratione,
2371 3782 2450 3847 ab
2499 3781 2798 3865 Episcopo
2843 3788 3046 3847 autem

561 3903 679 3951 non
720 3887 875 3951 satis
918 3886 1272 3951 declaratur
1315 3905 1394 3952 au
1437 3885 1585 3950 talis
1626 3886 2042 3952 remuneratio
2080 3886 2443 3951 desumatur
2473 3905 2507 3951 e
2537 3887 2805 3970 quadam
2841 3906 3050 3953 massa

561 3990 640 4053 ad
687 3989 800 4055 boc
848 3993 1210 4069 constituta,
1258 3992 1356 4056 vel
1400 3990 1606 4074 potius
1653 4010 1691 4055 a
1720 3991 1970 4074 singulo
2015 3992 2308 4056 canonico
2347 3990 2653 4074 impedito
2692 3989 3047 4075 elargienda

560 4094 666 4159 sit.
711 4130 799 4142 —
840 4093 1022 4160 Certe
1066 4095 1145 4161 ad
1185 4095 1387 4178 ipsum
1434 4097 1539 4162 ius
1576 4116 1896 4162 commune
1940 4095 2100 4179 quod
2146 4096 2379 4163 attinet
2433 4114 2550 4161 nou
2609 4099 2821 4179 posset
2874 4096 3046 4162 abso-

559 4198 687 4266 lute
729 4198 1067 4282 improbari
1110 4198 1487 4266 cousuetudo
1527 4200 1701 4265 iuxta
1746 4217 1930 4283 quam
1972 4200 2302 4266 canonicus
2346 4199 2541 4265 etiam
2587 4197 2875 4265 infirmus
2912 4218 3048 4264 con·

563 4303 721 4368 ferre
766 4302 1149 4387 obligaretur
1196 4303 1538 4369 mercedem
1601 4303 1887 4385 vicariis3
1951 4322 2092 4368 uam
2153 4322 2293 4368 cum
2358 4303 2622 4386 petitum
2681 4301 2906 4369 fuisset
2952 4302 3050 4368 dic

561 4414 624 4474 6.
657 4405 946 4471 Decemb.
984 4411 1155 4472 1666
1185 4406 1264 4472 ab
1296 4408 1374 4472 H.
1406 4406 1468 4475 S.
1503 4407 1609 4472 Q:
1662 4406 1967 4473 »PRIMO
2010 4429 2093 4473 an
2141 4408 2616 4474 distributiones
2647 4408 3048 4490 quotidianas

564 4510 839 4575 lucretur
880 4513 1221 4576 canonicus
1263 4511 1357 4575 vel
1403 4513 1806 4591 beneficiatus
1848 4515 1957 4593 qui
2007 4513 2234 4578 solitus
2275 4512 2622 4594 ceteroquin
2667 4512 2974 4577 inservire
3008 4531 3046 4574 n

562 4610 849 4686 civitate,
912 4611 1184 4692 leyitimo
1241 4613 1593 4678 vacationis
1647 4621 1917 4694 tempore
1960 4615 2286 4681 discedens
2330 4616 2397 4679 in
2439 4617 2712 4681 vicinum
2751 4614 3047 4696 oppidum
