3303 5013
521 267 648 337 256
1355 278 1708 340 Ktrchliche
1746 276 2150 339 Aktemtsscke

606 463 671 530 3.
732 455 1356 547 Dispensfakultat
1398 474 1558 527 vom
1600 456 2077 542 Impedlment
2118 454 2246 524 der
2286 452 2719 540 geistllchen
2762 451 2931 531 Ver·

1510 562 2012 631 wandtschaft.

1072 703 1301 772 (Dekret
1337 702 1430 758 des
1461 701 1515 757 h.
1553 700 1830 757 Offixiums
1866 715 1991 755 vom
2025 699 2078 755 3.
2115 699 2241 755 Des.
2284 698 2458 767 1902.)

733 845 911 910 Wird
952 844 1015 908 iu
1065 843 1215 908 Rom
1264 842 1363 907 die
1407 841 1687 907 einfaehe
1739 840 2048 906 »facultas
2094 839 2489 924 dispensandi
2533 859 2715 923 super
2748 838 3012 922 impedi-

526 952 733 1017 mento
777 946 1162 1033 cognationis
1207 946 1589 1030 spiritualis«
1642 947 1958 1030 gewahrt‚
2021 964 2087 1011 so
2148 946 2232 1010 ist
2294 949 2472 1010 nutet
2523 944 2721 1009 dieser
2766 943 3010 1008 Formel

527 1055 697 1121 nicht
742 1054 841 1119 die
890 1052 1432 1137 Dispensfakultat
1475 1050 1901 1135 einbegriffen,
1953 1051 2181 1117 welche
2212 1051 2344 1116 sicli
2382 1049 2491 1114 auf
2532 1050 2634 1115 die
2681 1049 3014 1131 geistliche

527 1157 1065 1225 Verwandtschaft
1126 1156 1400 1234 bezieht‚
1464 1157 1565 1222 die
1626 1155 1929 1221 zwisehen
1989 1154 2127 1220 dem
2183 1154 2455 1239 Spender
2494 1155 2603 1219 der
2647 1154 2841 1220 'Panse
2885 1154 3012 1218 und

528 1264 665 1329 dem
713 1262 1001 1346 Taufliug
1043 1261 1436 1327 kontrahiert
1481 1260 1651 1338 wira,
1705 1261 1813 1324 wie
1862 1259 2175 1344 folgendes
2216 1260 2452 1325 Dekret
2496 1260 2750 1345 besagt:

526 1421 866 1489 Decretum
894 1420 1237 1503 Supremae
1267 1418 1781 1502 Gonyreyationis
1809 1416 1872 1485 S.
1902 1416 1975 1483 O.
1999 1420 2172 1484 circa
2191 1418 2562 1497 facultatem
2592 1417 3012 1501 dispensandi

1026 1545 1215 1608 super
1249 1523 1682 1607 impedimento
1722 1523 2110 1607 coynationis
2150 1522 2534 1605 spim’tualis.

1596 1662 1776 1727 Feria
1820 1662 1911 1729 IV
1956 1662 2056 1728 die
2103 1664 2163 1729 3.
2216 1662 2572 1729 Decembris
2620 1662 2805 1729 1902.

740 1779 808 1844 In
855 1777 1353 1861 Congregatione
1395 1776 1683 1843 Generali
1728 1775 1789 1842 S.
1830 1777 1897 1843 R.
1932 1778 1996 1841 et
2025 1776 2206 1844 UniV.
2240 1774 2666 1860 Inquisitiouis
2709 1774 3019 1859 proposito

530 1882 749 1949 dubio:
807 1883 1027 1952 Utrum
1071 1883 1143 1948 in
1181 1881 1500 1964 formulis,
1540 1881 1765 1964 quibus
1803 1881 2057 1948 concedi
2099 1881 2255 1947 solet
2287 1880 2567 1957 facultas
2597 1880 3018 1964 dispensandi

526 2008 714 2071 super
773 1987 1210 2069 impedimento
1282 1988 1676 2069 coynationis
1733 1985 2131 2066 spiritualis,
2208 1984 2767 2067 comprehendatur
2830 2005 3020 2051 casus

530 2092 921 2176 coynationis
969 2090 1335 2172 spiritualis
1391 2092 1557 2155 inter
1606 2091 2029 2173 baptizantem
2089 2096 2147 2155 et
2202 2089 2606 2173 baptizatum,
2668 2091 2735 2154 in
2790 2090 3021 2156 iisdem

528 2196 823 2277 formulis
861 2216 988 2262 non
1025 2195 1398 2278 praevisus.-
1466 2194 1957 2259 Eminentissimi
2004 2212 2076 2258 ac
2125 2194 2639 2259 Reverendissimi
2691 2193 2825 2260 DD.
2875 2194 3023 2258 Car-

533 2300 773 2364 dinales
821 2300 1223 2383 Inquisitores
1272 2297 1604 2364 Generales
1653 2298 2141 2382 respondendum
2191 2298 2621 2364 decreverunt:
2688 2299 3022 2383 Neyatioe3

533 2425 644 2471 seu
680 2425 808 2472 non
825 2424 1026 2488 posse,
1059 2405 1166 2486 qui
1203 2423 1497 2471 concessa
1520 2425 1638 2485 per
1658 2404 2032 2486 praedictas
2054 2404 2366 2487 formulas
2390 2403 2692 2486 facultate
2724 2403 3019 2489 qaudam,

532 2531 725 2593 super
796 2509 1234 2593 impedimento
1316 2513 1712 2594 coquationis
1798 2510 2160 2593 spiritualis
2240 2512 2410 2577 inter
2473 2510 2894 2592 baptisantem
2969 2516 3025 2576 et

535 2616 919 2698 baptizatum
962 2614 1334 2699 dispensare
1347 2639 1372 2694 ;
1419 2614 1601 2697 idque
1646 2615 2231 2680 communicandum
2275 2635 2413 2681 cum
2445 2616 2730 2681 omnibus
2758 2636 3021 2698 quorum

533 2723 836 2787 interesse
874 2727 1086 2802 queat,
1137 2724 1319 2802 atque
1361 2720 1435 2785 in
1476 2725 1798 2801 posterum
1855 2739 2147 2802 expresse
2188 2722 2264 2785 in
2298 2719 2593 2801 somatis
2637 2719 3015 2785 edicendum.

534 2824 609 2892 Si
649 2846 810 2908 quae
846 2845 989 2890 vero
1030 2827 1444 2890 matrimonia
1476 2844 1615 2889 cum
1645 2824 2010 2890 huiusmodi
2040 2823 2536 2906 dispensatione,
2570 2826 2635 2890 vi
2663 2822 3020 2890 earumdem

531 2929 956 3011 formularum
1011 2948 1298 2995 concessa
1353 2928 1516 3009 forte
1571 2928 1883 3009 hucusque
1927 2933 2242 2995 contracta
2293 2927 2533 3009 fuerint
2550 2977 2566 3006 ,
2632 2928 2724 2995 ad
2784 2948 3026 2993 omnem

534 3036 707 3101 circa
748 3054 965 3100 eorum
1007 3033 1278 3098 valorem
1323 3032 1742 3116 quaestionem
1784 3031 2228 3110 dirimendam,
2271 3033 2763 3116 supplicandum
2803 3032 3020 3111 SSmo‚

536 3143 604 3202 ut
647 3137 862 3203 eadem
909 3139 983 3202 in
1025 3136 1244 3203 radwe
1287 3142 1521 3201 sanata
1565 3136 1893 3203 declarare
1936 3136 2252 3220 diynetur.

748 3242 827 3305 Et
872 3239 1151 3323 sequenti
1198 3241 1353 3306 feria
1399 3240 1505 3316 vl,
1553 3240 1651 3305 die
1698 3242 1739 3306 5
1783 3240 2056 3305 eiusdem
2104 3240 2334 3305 mensis
2381 3241 2444 3304 iu
2491 3240 2675 3305 solita
2707 3240 3029 3308 audientia

542 3348 613 3414 R.
668 3345 734 3411 P.
779 3345 856 3412 D.
908 3344 1227 3410 Adsessori
1272 3343 1333 3410 S.
1382 3344 1586 3409 Officii
1636 3344 1976 3428 impertita.
2020 3343 2252 3410 SSr‘iius
2305 3346 2375 3410 D.
2411 3345 2490 3411 N.
2535 3346 2605 3410 D.
2654 3345 2772 3410 Leo
2816 3344 3030 3411 divina

538 3449 925 3535 providentia
987 3448 1096 3531 Pp.
1154 3448 1331 3516 XIII.
1395 3449 1659 3514 relatam
1714 3448 1844 3514 Sibi
1911 3450 2202 3515 Emorum
2273 3451 2521 3515 Patrum
2584 3449 3025 3515 resolutionem

539 3553 913 3639 adprobare,
957 3557 1021 3618 et
1065 3572 1172 3637 pro
1218 3554 1537 3619 sanatione
1583 3553 1646 3618 in
1697 3554 1902 3619 radice
1947 3555 2119 3620 iuxta
2168 3574 2375 3621 eorum
2425 3555 2716 3621 Emorum
2772 3555 3023 3619 Patrum

539 3659 838 3744 suffragia
897 3658 1160 3741 benigne
1226 3675 1494 3724 annuere
1559 3658 1856 3744 dignatus
1914 3661 2026 3728 est.
2136 3657 2476 3726 Contrariis
2538 3661 3026 3744 quibuscumque

543 3783 658 3830 non
703 3763 1123 3830 obstantibus.

859 3868 975 3953 (Ex
1017 3867 1205 3935 Arch.
1251 3864 1312 3932 S.
1360 3866 1878 3953 Congregationis
1926 3868 2002 3935 de
2052 3868 2457 3952 Propaganda
2510 3870 2705 3953 Fide.)

661 4178 727 4247 4.
788 4176 1224 4261 Gowlnnung
1266 4192 1404 4245 von
1451 4176 1800 4244 Ablasseu
1845 4175 2115 4244 seiteus
2160 4173 2289 4243 der
2330 4175 2914 4243 Taubstummen.

746 4334 1042 4418 Quamvis
1090 4335 1239 4401 baec
1285 4332 1346 4403 S.
1382 4333 1450 4402 C.
1497 4334 1917 4418 Indulgentiis
1961 4332 2284 4418 Sacrisque
2326 4332 2624 4417 Reliquiis
2657 4331 3029 4415 praeposita,

540 4444 613 4508 ut
642 4442 1031 4526 suppleretur
1062 4440 1480 4523 impotentiae,
1513 4459 1634 4524 qua
1681 4439 2061 4504 surdo-muti
2095 4439 2452 4505 detinentur
2485 4436 2785 4504 recitandi
2822 4453 3031 4518 preces

542 4546 620 4610 ad
668 4545 995 4612 lucrandas
1045 4543 1464 4627 indulgentias
1510 4544 1839 4620 iniunctas,
1888 4542 2013 4609 iam
2060 4543 2394 4627 providerit
2424 4562 2531 4627 per
2561 4540 2864 4608 Generale
2913 4539 3040 4604 De-

543 4653 779 4715 cretum
826 4649 948 4714 diei
1001 4649 1098 4714 16.
1147 4647 1460 4713 Februarii
1517 4649 1701 4714 1852.
1750 4648 1814 4713 in
1862 4666 1982 4732 quo
2027 4647 2255 4717 edixit:
2306 4649 2528 4731 »Quod
2569 4648 2630 4713 si
2673 4650 2907 4730 ayatur
2960 4645 3037 4711 de
