3303 5013
556 300 684 365 706
1409 312 1752 369 Kirchliche
1792 311 2197 368 Antenoreae

554 489 687 572 pias
754 487 1176 563 fundationes,
1251 484 1593 552 functiones
1670 504 1740 549 ac
1806 483 2220 567 processiones
2287 484 2405 547 etc.
2474 481 2544 546 ut
2610 480 2850 546 factum
2922 479 3046 545 fuit

558 594 671 657 hoc
716 609 899 659 anno,

760 696 895 762 Nec
949 695 1121 778 parvi
1171 693 1456 777 ponderis
1511 695 1660 758 sunt
1705 692 2000 759 maiestas
2046 694 2109 758 et
2155 692 2336 757 decor
2381 689 2695 756 Ecclesiae
2738 688 2802 757 S.
2854 689 3042 755 Ioan-

553 801 648 865 nis
701 802 767 867 B.
816 819 972 883 quae
1019 799 1344 865 decoratur
1384 798 1628 864 nomine
1674 796 2066 862 Catbedralis
2111 797 2175 861 et
2224 796 2550 874 Basilicae,
2595 797 2659 862 et
2704 794 3047 860 residentia

553 923 684 969 esse
737 903 988 969 deberet
1043 902 1235 986 ipsius
1285 901 1745 985 Arcbiepiscopi
1807 899 2176 986 Syracusani
2242 920 2349 985 per
2406 901 2612 983 plures
2682 918 2921 965 menses
2980 898 3046 962 in

554 1025 732 1073 anno.
784 1043 858 1055 --
909 1006 1002 1073 De
1050 1007 1214 1072 Luca
1256 1006 1319 1071 in
1364 1005 1574 1072 adnot.
1625 1004 1704 1069 ad
1751 1004 1819 1073 C.
1869 1003 2041 1071 Trid.
2095 1004 2367 1088 Discept.
2423 1005 2504 1070 16
2551 1005 2725 1070 notat
2757 1021 3046 1087 expresse

552 1110 712 1196 quod
757 1111 883 1176 ista
928 1112 1026 1177 est
1066 1129 1252 1176 causa
1296 1109 1643 1193 denegandi
1698 1108 2327 1174 dismembrationem.
2418 1108 2581 1173 Item
2644 1108 2857 1173 votum
2914 1105 3048 1171 fere

551 1214 744 1280 totius
784 1214 932 1280 cleri
978 1217 1041 1281 et
1080 1213 1290 1298 populi
1317 1233 1545 1280 necnon
1577 1215 1792 1279 votum
1822 1213 2093 1279 omnium
2127 1211 2536 1289 sacerdotum,
2571 1212 3044 1294 procuratorum

555 1324 619 1385 et
662 1319 1001 1385 incolarum
1052 1318 1367 1401 paroeciae
1411 1317 1773 1401 erigendae,
1832 1318 1925 1383 est
1971 1335 2120 1383 sane
2160 1317 2411 1383 maximi
2458 1316 2774 1382 momenti.
2865 1314 3047 1396 Quod

551 1425 602 1488 si
645 1423 808 1489 desit
853 1426 1064 1488 votum
1112 1422 1453 1506 aliquorum
1504 1421 1993 1487 consiliariorum
2041 1420 2533 1504 municipalium,
2581 1420 2896 1503 ipsiusque
2936 1439 3049 1502 pro

552 1529 828 1610 tempore
872 1526 1159 1612 Syndaci,
1208 1529 1271 1591 et
1316 1525 1633 1591 cuiusdam
1684 1526 2001 1591 societatis
2034 1525 2343 1609 opificum,
2390 1524 2704 1590 sciendum
2739 1527 2853 1601 est,
2903 1524 3051 1590 illos

554 1631 799 1714 placitis
842 1630 1295 1697 socialistarum
1345 1629 1545 1696 favere
1599 1648 1711 1695 nec
1770 1630 2010 1695 ratione
2071 1629 2211 1695 boni
2280 1629 2591 1695 Ecclesiae
2650 1630 2915 1706 moveri,
2978 1633 3055 1693 ut

554 1736 833 1818 pluribus
880 1734 1265 1818 argumentis
1309 1734 1558 1816 probari
1602 1737 1831 1818 posset.

759 1839 832 1905 In
876 1840 1261 1916 Messenen„
1309 1839 1666 1905 dismembr.
1711 1843 1753 1904 9
1803 1840 1968 1904 maii
2005 1843 2179 1906 1840
2225 1838 2485 1921 legitur:
2534 1838 2770 1903 »Nemo
2819 1837 3045 1912 nescit,

551 1944 657 2027 qui
704 1944 798 2008 vel
844 1963 880 2008 a
925 1943 1139 2007 limine
1183 1962 1389 2010 sacros
1433 1962 1694 2008 canones
1727 1942 2115 2022 salutaverit,
2161 1942 2591 2008 beneficiorum
2630 1941 3049 2007 dismembra-

552 2048 784 2114 tionem
829 2047 894 2112 in
939 2048 1071 2112 iure
1124 2065 1255 2112 esse
1311 2047 1784 2113 odiosissimum
1843 2048 2070 2131 quippe
2127 2065 2284 2131 quae
2328 2047 2763 2112 alienationem
2812 2046 3046 2129 sapiat,

553 2152 731 2217 aiunt
777 2153 987 2217 Abbas
1032 2151 1108 2216 ad
1136 2150 1283 2235 Cap.
1317 2151 1427 2218 Aa
1447 2152 1871 2229 audientiam,
1916 2152 2251 2230 Lotterius,
2299 2152 2389 2217 De
2420 2170 2486 2216 re
2520 2150 2719 2217 benef.
2758 2168 2893 2235 cap.
2933 2151 3046 2230 31,

554 2277 611 2341 q.
659 2257 779 2334 28,
856 2276 915 2321 n.
982 2256 1025 2319 4
1086 2259 1202 2322 etc.
1267 2259 1331 2321 et
1386 2255 1445 2322 S.
1499 2256 1658 2321 Rota
1716 2262 1942 2323 recent.
2003 2276 2060 2340 p.
2112 2257 2148 2323 ‘1
2196 2256 2327 2322 dec.
2371 2255 2457 2322 68
2500 2276 2557 2322 n.
2609 2257 2666 2324 1.
2735 2292 2813 2302 —
2879 2254 3050 2321 Hinc

553 2359 796 2424 nonnisi
862 2359 925 2424 in
988 2358 1330 2423 subsidium
1391 2378 1464 2425 ac
1529 2361 1938 2444 qravissimis
1976 2360 2336 2444 patentibus
2374 2361 2614 2439 causis,
2676 2377 2834 2443 quae
2895 2362 3048 2425 sunt

555 2483 778 2549 urgens
826 2463 1179 2544 necessitas,
1245 2463 1342 2529 vel
1386 2464 1633 2531 evidens
1679 2464 1992 2532 Ecclesiae
2040 2464 2302 2545 utilitas,
2368 2464 2848 2549 permittendam
2909 2482 3047 2531 esse

550 2569 792 2644 docent,
839 2569 1011 2633 iuxta
1056 2588 1190 2635 can.
1234 2570 1337 2646 52,
1383 2588 1549 2637 caus.
1598 2570 1697 2647 12,
1744 2591 1803 2654 q.
1839 2571 1902 2649 2,
1947 2588 2079 2654 cap.
2122 2569 2183 2649 2,
2229 2588 2396 2638 caus.
2449 2570 2545 2647 10,
2596 2589 2652 2653 q.
2688 2570 2750 2649 2,
2793 2587 2929 2653 cap.
2982 2570 3043 2648 1,

550 2674 653 2741 De
715 2675 902 2740 rebus
971 2674 1110 2741 eccl.
1174 2694 1304 2740 non
1364 2675 1551 2741 alien.
1630 2673 1692 2740 S.
1761 2674 1921 2740 Rota
1983 2674 2228 2758 pluries,
2311 2675 2671 2758 praesertim
2744 2693 2884 2739 curn
2964 2674 3044 2739 de

553 2777 1008 2862 parochialibus
1048 2797 1246 2843 sermo
1278 2780 1406 2844 est:
1451 2778 1637 2846 Nihil
1681 2781 1849 2844 enim
1891 2780 2095 2863 mayis
2138 2779 2371 2846 alterat
2412 2779 2818 2846 ecclesiarum
2848 2800 3044 2863 prae·

550 2884 766 2949 sertim
818 2883 1294 2964 parochialium
1346 2889 1599 2962 statum,
1658 2905 1848 2968 quam
1892 2884 2236 2951 divisiones
2291 2905 2401 2951 seu
2439 2883 3048 2963 dismembrationes,

555 2989 627 3052 ut
666 2986 757 3052 ait
801 2986 937 3054 Lot.
989 2987 1037 3054 1.
1086 3006 1137 3054 c.

758 3092 1036 3157 Iamvero
1079 3091 1155 3170 si,
1202 3092 1272 3155 ut
1304 3091 1367 3155 in
1401 3109 1548 3156 casu
1582 3092 1809 3169 nostro,
1856 3110 1972 3157 non
2007 3091 2185 3158 adest
2216 3091 2347 3172 dos,
2401 3111 2518 3157 non
2559 3091 2789 3157 adsunt
2816 3110 3050 3159 causae

549 3196 895 3272 canonicae,
946 3195 1118 3261 nulla
1164 3195 1341 3260 adest
1387 3195 1647 3273 utilitas,
1714 3215 1747 3260 e
1790 3197 2009 3262 contra
2056 3197 2234 3279 plura
2278 3200 2343 3263 et
2388 3196 2603 3282 gravia
2646 3196 3046 3262 incommoda

549 3300 693 3365 oriri
756 3303 1033 3382 possunt,
1091 3299 1557 3366 dismembratio
1616 3299 1928 3366 Ecclesiae
1994 3321 2120 3385 par.
2189 3301 2252 3370 S.
2297 3300 2550 3368 Ioannis
2610 3301 2682 3367 B.
2745 3318 3045 3385 perquam

554 3405 942 3470 odiosissime
985 3403 1181 3482 fieret,
1223 3405 1287 3470 et
1330 3404 1467 3470 ideo
1514 3423 1631 3470 non
1684 3405 2089 3471 concedenda.

759 3509 844 3574 Ex
904 3508 1158 3574 adverso
1217 3514 1512 3593 patronus
1571 3509 1679 3592 qui
1725 3509 2045 3576 contendit
2102 3510 2480 3576 sententiam
2539 3511 2760 3577 Curiae
2807 3512 3043 3578 Archi-

547 3613 908 3698 episcopalis
951 3613 1370 3698 Syracusanae
1415 3613 1895 3680 confirmandam
1941 3633 2094 3694 esse,
2154 3614 2578 3699 quaestionem
2639 3615 2754 3681 sub
2803 3616 3041 3701 duplici

547 3721 828 3803 respectu
888 3719 1235 3785 considerat
1296 3717 1471 3797 iuris,
1540 3737 1759 3802 nempe
1822 3720 1886 3785 et
1940 3717 2111 3784 facti.
2181 3755 2256 3768 -
2319 3718 2444 3785 Sub
2493 3721 2693 3803 primo
2754 3723 3041 3806 respectu

549 3825 842 3906 patronus
899 3824 1172 3906 appellat
1231 3830 1367 3887 tum
1438 3822 1514 3887 ad
1580 3822 1971 3888 Decretalem
2032 3823 2494 3889 celeberrimam
2559 3824 2897 3890 Alexandri
2946 3825 3044 3892 111

554 3927 700 3992 »Ad
754 3927 1147 3994 audientiam
1207 3932 1529 3992 nostram«
1601 3927 1765 4011 (Lib.
1812 3927 1873 3992 3.
1928 3926 2175 3993 Decret.
2240 3927 2363 3993 Tit.
2405 3928 2490 3993 48
2567 3928 2698 3994 »De
2746 3929 3044 3996 Ecclesiis

550 4030 1036 4113 aedificandis‹),
1080 4035 1215 4097 tum
1262 4030 1340 4097 ad
1386 4031 1702 4096 decretum
1730 4031 2006 4099 Trident.
2041 4031 2191 4116 Cap.
2223 4033 2284 4110 4,
2318 4031 2683 4100 Sess.XX1.
2742 4032 2813 4097 Iu
2847 4034 3044 4100 citata

551 4135 856 4200 Decretali
892 4136 1041 4201 haec
1074 4136 1414 4201 habentur.
1466 4136 1617 4201 »Ad
1643 4137 2044 4202 audientiam
2072 4142 2357 4203 nostram
2385 4137 2635 4203 noveris
2670 4142 3042 4219 pervenisse

547 4240 713 4323 quod
764 4240 917 4306 villa
975 4261 1135 4323 quae
1191 4243 1421 4309 dicitur
1472 4240 1558 4307 H.
1619 4245 1866 4307 tantum
1920 4240 2285 4323 perhibetur
2346 4242 2425 4307 ab
2486 4241 2779 4308 Ecclesia
2842 4265 3039 4325 paro·

546 4345 741 4411 chiali
778 4344 1015 4411 distare
1063 4352 1129 4411 ut
1172 4352 1439 4429 tempore
1471 4345 1746 4425 hiemali,
1795 4366 1934 4412 cum
1960 4346 2219 4430 pluviae
2246 4346 2590 4425 inundant,
2634 4366 2759 4412 non
2789 4350 3039 4429 possint

535 4449 925 4531 parochiani
983 4451 1120 4516 sine
1163 4471 1395 4533 maqna
1453 4450 1824 4532 difficultate
1876 4452 2089 4533 ipsam
2136 4451 2352 4517 adire:
2410 4451 2563 4533 quia
2621 4450 2818 4534 ἐρίων
2872 4451 3039 4519 dicta

545 4552 834 4616 Ecclesia
877 4552 1113 4618 dicitur
1167 4555 1481 4621 reditibus
1539 4553 1864 4619 abundare
1906 4555 2072 4638 qaod
2113 4561 2370 4636 praeter
2429 4554 2609 4621 iuius
2652 4553 2847 4620 villae
2882 4575 3031 4638 pro·

547 4658 763 4716 ventus
801 4657 1089 4722 minister
1134 4656 1310 4723 iltius
1351 4659 1552 4724 valeat
1594 4662 2103 4727 sustentationem
2145 4660 2392 4738 habere,
2451 4659 2829 4726 mandamus
2870 4681 3025 4743 qua·
