<?xml version="1.0" encoding="UTF-8"?>
<!DOCTYPE html PUBLIC "-//W3C//DTD XHTML 1.0 Transitional//EN"
    "http://www.w3.org/TR/xhtml1/DTD/xhtml1-transitional.dtd">
<html xmlns="http://www.w3.org/1999/xhtml" xml:lang="en" lang="en">
 <head>
  <title>
</title>
<meta http-equiv="Content-Type" content="text/html;charset=utf-8" />
  <meta name='ocr-system' content='tesseract 3.04.00' />
  <meta name='ocr-capabilities' content='ocr_page ocr_carea ocr_par ocr_line ocrx_word'/>
</head>
<body>
  <div class='ocr_page' id='page_1' title='image "./archivfrkatholi18unkngoog_0101.png"; bbox 0 0 3303 5013; ppageno 0'>
   <div class='ocr_carea' id='block_1_1' title="bbox 2628 286 2712 375">
    <p class='ocr_par' dir='ltr' id='par_1_1' title="bbox 2628 286 2712 375">
     <span class='ocr_line' id='line_1_1' title="bbox 2628 286 2712 375; baseline -0.024 0"><span class='ocrx_word' id='word_1_1' title='bbox 2628 286 2712 375; x_wconf 64' lang='lat' dir='ltr'>e?</span> 
     </span>
    </p>
   </div>
   <div class='ocr_carea' id='block_1_2' title="bbox 244 889 2708 993">
    <p class='ocr_par' dir='ltr' id='par_1_2' title="bbox 244 889 2708 993">
     <span class='ocr_line' id='line_1_2' title="bbox 244 889 2708 993; baseline 0.001 -19"><span class='ocrx_word' id='word_1_2' title='bbox 244 893 349 976; x_wconf 90' lang='grc' dir='ltr'>Π.</span> <span class='ocrx_word' id='word_1_3' title='bbox 400 892 935 977; x_wconf 79' lang='lat' dir='ltr'>Kirchliche</span> <span class='ocrx_word' id='word_1_4' title='bbox 988 889 1601 977; x_wconf 83' lang='lat' dir='ltr'>Aktenstiicke</span> <span class='ocrx_word' id='word_1_5' title='bbox 1658 892 1843 976; x_wconf 82' lang='lat' dir='ltr'>und</span> <span class='ocrx_word' id='word_1_6' title='bbox 1894 892 2708 993; x_wconf 82' lang='lat' dir='ltr'>Entscheidungen.</span> 
     </span>
    </p>
   </div>
   <div class='ocr_carea' id='block_1_3' title="bbox 1362 1068 1570 1077">
    <p class='ocr_par' dir='ltr' id='par_1_3' title="bbox 1362 1068 1570 1077">
     <span class='ocr_line' id='line_1_3' title="bbox 1362 1068 1570 1077; baseline 0 0"><span class='ocrx_word' id='word_1_7' title='bbox 1362 1068 1570 1077; x_wconf 95' lang='lat' dir='ltr'> </span> 
     </span>
    </p>
   </div>
   <div class='ocr_carea' id='block_1_4' title="bbox 236 1195 2707 1391">
    <p class='ocr_par' dir='ltr' id='par_1_4' title="bbox 236 1195 2707 1391">
     <span class='ocr_line' id='line_1_4' title="bbox 334 1195 2609 1281; baseline 0.002 -17"><span class='ocrx_word' id='word_1_8' title='bbox 334 1195 391 1266; x_wconf 89' lang='lat'>1.</span> <span class='ocrx_word' id='word_1_9' title='bbox 481 1198 957 1281; x_wconf 80' lang='lat' dir='ltr'>Neuordnung</span> <span class='ocrx_word' id='word_1_10' title='bbox 1023 1197 1151 1265; x_wconf 87' lang='lat' dir='ltr'>der</span> <span class='ocrx_word' id='word_1_11' title='bbox 1215 1199 1670 1269; x_wconf 84' lang='lat' dir='ltr'>kirchlichen</span> <span class='ocrx_word' id='word_1_12' title='bbox 1728 1198 2229 1267; x_wconf 70' lang='lat' dir='ltr'>Verbaltnisse</span> <span class='ocrx_word' id='word_1_13' title='bbox 2287 1199 2419 1266; x_wconf 80' lang='lat' dir='ltr'>auf</span> <span class='ocrx_word' id='word_1_14' title='bbox 2474 1199 2609 1269; x_wconf 85' lang='lat' dir='ltr'>den</span> 
     </span>
     <span class='ocr_line' id='line_1_5' title="bbox 236 1301 2707 1391; baseline 0.003 -23"><span class='ocrx_word' id='word_1_15' title='bbox 236 1301 685 1388; x_wconf 83' lang='lat' dir='ltr'>Philippinen</span> <span class='ocrx_word' id='word_1_16' title='bbox 728 1302 954 1370; x_wconf 84' lang='lat' dir='ltr'>durch</span> <span class='ocrx_word' id='word_1_17' title='bbox 996 1301 1112 1373; x_wconf 85' lang='lat' dir='ltr'>die</span> <span class='ocrx_word' id='word_1_18' title='bbox 1156 1302 1368 1372; x_wconf 89' lang='lat' dir='ltr'>Bulle</span> <span class='ocrx_word' id='word_1_19' title='bbox 1411 1304 1614 1373; x_wconf 80' lang='lat' dir='ltr'>Leo’s</span> <span class='ocrx_word' id='word_1_20' title='bbox 1659 1304 1874 1372; x_wconf 83' lang='lat' dir='ltr'>xm.</span> <span class='ocrx_word' id='word_1_21' title='bbox 1921 1321 2079 1372; x_wconf 80' lang='lat' dir='ltr'>vom</span> <span class='ocrx_word' id='word_1_22' title='bbox 2125 1302 2222 1372; x_wconf 77' lang='lat'>17.</span> <span class='ocrx_word' id='word_1_23' title='bbox 2272 1302 2463 1391; x_wconf 79' lang='lat' dir='ltr'>Sept.</span> <span class='ocrx_word' id='word_1_24' title='bbox 2513 1304 2707 1375; x_wconf 78' lang='lat'><strong>1902.</strong></span> 
     </span>
    </p>
   </div>
   <div class='ocr_carea' id='block_1_5' title="bbox 1198 1475 1755 1546">
    <p class='ocr_par' dir='ltr' id='par_1_5' title="bbox 1198 1475 1755 1546">
     <span class='ocr_line' id='line_1_6' title="bbox 1198 1475 1755 1546; baseline 0.005 -4"><span class='ocrx_word' id='word_1_25' title='bbox 1198 1475 1357 1543; x_wconf 83' lang='lat' dir='ltr'>LEO</span> <span class='ocrx_word' id='word_1_26' title='bbox 1405 1477 1529 1544; x_wconf 89' lang='lat' dir='ltr'>PP.</span> <span class='ocrx_word' id='word_1_27' title='bbox 1575 1477 1755 1546; x_wconf 87' lang='lat' dir='ltr'>XIII.</span> 
     </span>
    </p>
   </div>
   <div class='ocr_carea' id='block_1_6' title="bbox 972 1616 1967 1699">
    <p class='ocr_par' dir='ltr' id='par_1_6' title="bbox 972 1616 1967 1699">
     <span class='ocr_line' id='line_1_7' title="bbox 972 1616 1967 1699; baseline 0.001 -17"><span class='ocrx_word' id='word_1_28' title='bbox 972 1616 1082 1682; x_wconf 74' lang='lat' dir='ltr'>Aa</span> <span class='ocrx_word' id='word_1_29' title='bbox 1117 1616 1406 1699; x_wconf 71' lang='lat' dir='ltr'>futuram</span> <span class='ocrx_word' id='word_1_30' title='bbox 1446 1621 1545 1684; x_wconf 73' lang='lat' dir='ltr'>rei</span> <span class='ocrx_word' id='word_1_31' title='bbox 1584 1618 1967 1685; x_wconf 76' lang='lat' dir='ltr'>memoriam.</span> 
     </span>
    </p>
   </div>
   <div class='ocr_carea' id='block_1_7' title="bbox 223 1754 2713 4662">
    <p class='ocr_par' dir='ltr' id='par_1_7' title="bbox 230 1754 2713 2361">
     <span class='ocr_line' id='line_1_8' title="bbox 427 1754 2708 1840; baseline -0 -18"><span class='ocrx_word' id='word_1_32' title='bbox 427 1756 637 1839; x_wconf 79' lang='lat' dir='ltr'>Quae,</span> <span class='ocrx_word' id='word_1_33' title='bbox 702 1755 857 1821; x_wconf 90' lang='lat' dir='ltr'>mari</span> <span class='ocrx_word' id='word_1_34' title='bbox 915 1754 1109 1821; x_wconf 90' lang='lat' dir='ltr'>sinico</span> <span class='ocrx_word' id='word_1_35' title='bbox 1173 1774 1518 1839; x_wconf 79' lang='lat' dir='ltr'>oceanoque</span> <span class='ocrx_word' id='word_1_36' title='bbox 1579 1756 1835 1840; x_wconf 88' lang='lat' dir='ltr'>pacifico</span> <span class='ocrx_word' id='word_1_37' title='bbox 1897 1756 2340 1836; x_wconf 73' lang='lat' dir='ltr'>circumfusae,</span> <span class='ocrx_word' id='word_1_38' title='bbox 2401 1755 2708 1822; x_wconf 89' lang='lat' dir='ltr'>latissime</span> 
     </span>
     <span class='ocr_line' id='line_1_9' title="bbox 234 1859 2706 1945; baseline 0.001 -21"><span class='ocrx_word' id='word_1_39' title='bbox 234 1862 439 1941; x_wconf 86' lang='lat' dir='ltr'>patent</span> <span class='ocrx_word' id='word_1_40' title='bbox 482 1860 747 1939; x_wconf 92' lang='lat' dir='ltr'>insulae,</span> <span class='ocrx_word' id='word_1_41' title='bbox 792 1863 978 1944; x_wconf 84' lang='lat' dir='ltr'>atque</span> <span class='ocrx_word' id='word_1_42' title='bbox 1012 1879 1049 1925; x_wconf 88' lang='lat' dir='ltr'>a</span> <span class='ocrx_word' id='word_1_43' title='bbox 1085 1859 1373 1944; x_wconf 88' lang='lat' dir='ltr'>Philippo</span> <span class='ocrx_word' id='word_1_44' title='bbox 1406 1859 1489 1927; x_wconf 89' lang='lat'>11.</span> <span class='ocrx_word' id='word_1_45' title='bbox 1539 1860 1985 1945; x_wconf 72' lang='lat' dir='ltr'><strong>Hispaniarum</strong></span> <span class='ocrx_word' id='word_1_46' title='bbox 2033 1879 2178 1944; x_wconf 89' lang='lat' dir='ltr'>rege</span> <span class='ocrx_word' id='word_1_47' title='bbox 2213 1860 2706 1945; x_wconf 88' lang='lat' dir='ltr'>Philippinarum</span> 
     </span>
     <span class='ocr_line' id='line_1_10' title="bbox 233 1964 2711 2051; baseline 0.002 -23"><span class='ocrx_word' id='word_1_48' title='bbox 233 1982 440 2031; x_wconf 90' lang='lat' dir='ltr'>nomen</span> <span class='ocrx_word' id='word_1_49' title='bbox 499 1966 650 2030; x_wconf 90' lang='lat' dir='ltr'>sunt</span> <span class='ocrx_word' id='word_1_50' title='bbox 697 1966 1052 2044; x_wconf 77' lang='lat' dir='ltr'>mutuatae,</span> <span class='ocrx_word' id='word_1_51' title='bbox 1120 1964 1219 2029; x_wconf 83' lang='lat' dir='ltr'><strong>vix</strong></span> <span class='ocrx_word' id='word_1_52' title='bbox 1279 1965 1357 2030; x_wconf 89' lang='lat' dir='ltr'>ab</span> <span class='ocrx_word' id='word_1_53' title='bbox 1425 1964 1760 2031; x_wconf 86' lang='lat' dir='ltr'>Hernando</span> <span class='ocrx_word' id='word_1_54' title='bbox 1820 1965 1895 2031; x_wconf 93' lang='lat' dir='ltr'>de</span> <span class='ocrx_word' id='word_1_55' title='bbox 1957 1965 2394 2051; x_wconf 85' lang='lat' dir='ltr'>Magalhanes‚</span> <span class='ocrx_word' id='word_1_56' title='bbox 2465 1966 2711 2032; x_wconf 88' lang='lat' dir='ltr'>saeculo</span> 
     </span>
     <span class='ocr_line' id='line_1_11' title="bbox 232 2067 2713 2153; baseline 0.001 -20"><span class='ocrx_word' id='word_1_57' title='bbox 232 2067 390 2134; x_wconf 84' lang='lat' dir='ltr'>XVI.</span> <span class='ocrx_word' id='word_1_58' title='bbox 435 2070 724 2148; x_wconf 91' lang='lat' dir='ltr'>ineunte,</span> <span class='ocrx_word' id='word_1_59' title='bbox 785 2071 1036 2153; x_wconf 88' lang='lat' dir='ltr'>apertae</span> <span class='ocrx_word' id='word_1_60' title='bbox 1080 2071 1260 2146; x_wconf 85' lang='lat' dir='ltr'>sunt;</span> <span class='ocrx_word' id='word_1_61' title='bbox 1324 2070 1541 2135; x_wconf 88' lang='lat' dir='ltr'>statim</span> <span class='ocrx_word' id='word_1_62' title='bbox 1564 2118 1581 2148; x_wconf 99' lang='lat'>,</span> <span class='ocrx_word' id='word_1_63' title='bbox 1639 2068 1855 2137; x_wconf 85' lang='lat' dir='ltr'>Crucis</span> <span class='ocrx_word' id='word_1_64' title='bbox 1909 2069 2337 2137; x_wconf 75' lang='lat' dir='ltr'><strong>sanctissimae</strong></span> <span class='ocrx_word' id='word_1_65' title='bbox 2378 2068 2713 2137; x_wconf 91' lang='lat' dir='ltr'>simulacro</span> 
     </span>
     <span class='ocr_line' id='line_1_12' title="bbox 230 2172 2711 2261; baseline 0.001 -23"><span class='ocrx_word' id='word_1_66' title='bbox 230 2172 416 2239; x_wconf 84' lang='lat' dir='ltr'>defixo</span> <span class='ocrx_word' id='word_1_67' title='bbox 474 2174 536 2239; x_wconf 92' lang='lat' dir='ltr'>in</span> <span class='ocrx_word' id='word_1_68' title='bbox 603 2173 818 2252; x_wconf 87' lang='lat' dir='ltr'>litore,</span> <span class='ocrx_word' id='word_1_69' title='bbox 891 2175 953 2239; x_wconf 91' lang='lat' dir='ltr'>et</span> <span class='ocrx_word' id='word_1_70' title='bbox 1027 2173 1154 2239; x_wconf 91' lang='lat' dir='ltr'>Deo</span> <span class='ocrx_word' id='word_1_71' title='bbox 1213 2176 1360 2239; x_wconf 90' lang='lat' dir='ltr'>sunt</span> <span class='ocrx_word' id='word_1_72' title='bbox 1418 2175 1813 2240; x_wconf 89' lang='lat' dir='ltr'>consecratae</span> <span class='ocrx_word' id='word_1_73' title='bbox 1873 2175 1934 2241; x_wconf 83' lang='lat' dir='ltr'>et</span> <span class='ocrx_word' id='word_1_74' title='bbox 1994 2174 2341 2241; x_wconf 85' lang='lat' dir='ltr'>catholicae</span> <span class='ocrx_word' id='word_1_75' title='bbox 2394 2174 2711 2261; x_wconf 88' lang='lat' dir='ltr'>religionis</span> 
     </span>
     <span class='ocr_line' id='line_1_13' title="bbox 231 2278 1570 2361; baseline 0.001 -19"><span class='ocrx_word' id='word_1_76' title='bbox 231 2278 526 2361; x_wconf 86' lang='lat' dir='ltr'>quaedam</span> <span class='ocrx_word' id='word_1_77' title='bbox 576 2278 769 2344; x_wconf 78' lang='lat' dir='ltr'>veluti</span> <span class='ocrx_word' id='word_1_78' title='bbox 809 2278 1153 2344; x_wconf 91' lang='lat' dir='ltr'>libamenta</span> <span class='ocrx_word' id='word_1_79' title='bbox 1196 2278 1570 2344; x_wconf 86' lang='lat' dir='ltr'>habuerunt.</span> 
     </span>
    </p>

    <p class='ocr_par' dir='ltr' id='par_1_8' title="bbox 223 2381 2713 4662">
     <span class='ocr_line' id='line_1_14' title="bbox 428 2381 2708 2468; baseline 0.001 -20"><span class='ocrx_word' id='word_1_80' title='bbox 428 2384 515 2448; x_wconf 85' lang='lat' dir='ltr'>Ex</span> <span class='ocrx_word' id='word_1_81' title='bbox 564 2382 696 2461; x_wconf 94' lang='lat' dir='ltr'>illo,</span> <span class='ocrx_word' id='word_1_82' title='bbox 740 2381 1035 2449; x_wconf 87' lang='lat' dir='ltr'>Romanis</span> <span class='ocrx_word' id='word_1_83' title='bbox 1086 2381 1517 2462; x_wconf 87' lang='lat' dir='ltr'>Pontificibus,</span> <span class='ocrx_word' id='word_1_84' title='bbox 1563 2383 1896 2450; x_wconf 87' lang='lat' dir='ltr'>accedente</span> <span class='ocrx_word' id='word_1_85' title='bbox 1940 2382 2144 2449; x_wconf 83' lang='lat' dir='ltr'>Caroli</span> <span class='ocrx_word' id='word_1_86' title='bbox 2192 2384 2266 2450; x_wconf 88' lang='lat' dir='ltr'>V.</span> <span class='ocrx_word' id='word_1_87' title='bbox 2315 2403 2388 2449; x_wconf 89' lang='lat' dir='ltr'>ac</span> <span class='ocrx_word' id='word_1_88' title='bbox 2438 2382 2708 2468; x_wconf 88' lang='lat' dir='ltr'>Philippi</span> 
     </span>
     <span class='ocr_line' id='line_1_15' title="bbox 229 2485 2711 2573; baseline 0.001 -22"><span class='ocrx_word' id='word_1_89' title='bbox 229 2485 352 2551; x_wconf 89' lang='lat' dir='ltr'>eius</span> <span class='ocrx_word' id='word_1_90' title='bbox 406 2486 521 2553; x_wconf 86' lang='lat' dir='ltr'><strong>filii</strong></span> <span class='ocrx_word' id='word_1_91' title='bbox 576 2487 971 2572; x_wconf 84' lang='lat' dir='ltr'>hispanorum</span> <span class='ocrx_word' id='word_1_92' title='bbox 1025 2487 1262 2571; x_wconf 88' lang='lat' dir='ltr'>Regum</span> <span class='ocrx_word' id='word_1_93' title='bbox 1323 2487 1575 2573; x_wconf 89' lang='lat' dir='ltr'>egregio</span> <span class='ocrx_word' id='word_1_94' title='bbox 1633 2486 1992 2554; x_wconf 76' lang='lat' dir='ltr'><strong>dilatandae</strong></span> <span class='ocrx_word' id='word_1_95' title='bbox 2052 2487 2195 2554; x_wconf 87' lang='lat' dir='ltr'>fidei</span> <span class='ocrx_word' id='word_1_96' title='bbox 2249 2488 2490 2567; x_wconf 88' lang='lat' dir='ltr'>studio,</span> <span class='ocrx_word' id='word_1_97' title='bbox 2552 2488 2711 2555; x_wconf 88' lang='lat' dir='ltr'>nibil</span> 
     </span>
     <span class='ocr_line' id='line_1_16' title="bbox 232 2591 2708 2676; baseline 0 -20"><span class='ocrx_word' id='word_1_98' title='bbox 232 2593 540 2676; x_wconf 86' lang='lat' dir='ltr'>antiquius</span> <span class='ocrx_word' id='word_1_99' title='bbox 588 2591 711 2658; x_wconf 81' lang='lat' dir='ltr'>fuit</span> <span class='ocrx_word' id='word_1_100' title='bbox 756 2611 944 2676; x_wconf 85' lang='lat' dir='ltr'>quam</span> <span class='ocrx_word' id='word_1_101' title='bbox 986 2593 1058 2657; x_wconf 91' lang='lat' dir='ltr'>ut</span> <span class='ocrx_word' id='word_1_102' title='bbox 1100 2591 1418 2658; x_wconf 84' lang='lat' dir='ltr'>insulanos</span> <span class='ocrx_word' id='word_1_103' title='bbox 1457 2592 1634 2671; x_wconf 92' lang='lat' dir='ltr'>illos,</span> <span class='ocrx_word' id='word_1_104' title='bbox 1684 2592 2009 2659; x_wconf 86' lang='lat' dir='ltr'>idolatrico</span> <span class='ocrx_word' id='word_1_105' title='bbox 2054 2592 2228 2659; x_wconf 89' lang='lat' dir='ltr'>cultu</span> <span class='ocrx_word' id='word_1_106' title='bbox 2275 2593 2585 2672; x_wconf 84' lang='lat' dir='ltr'>viventes,</span> <span class='ocrx_word' id='word_1_107' title='bbox 2631 2593 2708 2659; x_wconf 89' lang='lat' dir='ltr'>ad</span> 
     </span>
     <span class='ocr_line' id='line_1_17' title="bbox 228 2695 2703 2781; baseline 0.001 -22"><span class='ocrx_word' id='word_1_108' title='bbox 228 2695 449 2763; x_wconf 79' lang='lat' dir='ltr'><strong>Christi</strong></span> <span class='ocrx_word' id='word_1_109' title='bbox 496 2697 687 2763; x_wconf 84' lang='lat' dir='ltr'>fidem</span> <span class='ocrx_word' id='word_1_110' title='bbox 731 2695 1146 2763; x_wconf 77' lang='lat' dir='ltr'>traducerent.</span> <span class='ocrx_word' id='word_1_111' title='bbox 1238 2697 1414 2780; x_wconf 83' lang='lat' dir='ltr'>Quod</span> <span class='ocrx_word' id='word_1_112' title='bbox 1458 2715 1620 2776; x_wconf 92' lang='lat' dir='ltr'>cum,</span> <span class='ocrx_word' id='word_1_113' title='bbox 1666 2697 2010 2780; x_wconf 78' lang='lat' dir='ltr'>opitulante</span> <span class='ocrx_word' id='word_1_114' title='bbox 2060 2698 2208 2775; x_wconf 84' lang='lat' dir='ltr'>Deo,</span> <span class='ocrx_word' id='word_1_115' title='bbox 2255 2697 2560 2781; x_wconf 75' lang='lat' dir='ltr'>religiosis</span> <span class='ocrx_word' id='word_1_116' title='bbox 2611 2698 2703 2762; x_wconf 87' lang='lat' dir='ltr'>di·</span> 
     </span>
     <span class='ocr_line' id='line_1_18' title="bbox 225 2801 2702 2878; baseline 0.001 -12"><span class='ocrx_word' id='word_1_117' title='bbox 225 2819 530 2867; x_wconf 86' lang='lat' dir='ltr'>versarum</span> <span class='ocrx_word' id='word_1_118' title='bbox 614 2801 993 2867; x_wconf 82' lang='lat' dir='ltr'><strong>familiarum</strong></span> <span class='ocrx_word' id='word_1_119' title='bbox 1068 2802 1338 2867; x_wconf 88' lang='lat' dir='ltr'>alumnis</span> <span class='ocrx_word' id='word_1_120' title='bbox 1418 2805 1666 2867; x_wconf 90' lang='lat' dir='ltr'>strenue</span> <span class='ocrx_word' id='word_1_121' title='bbox 1735 2801 2191 2878; x_wconf 81' lang='lat' dir='ltr'>adnitentibus,</span> <span class='ocrx_word' id='word_1_122' title='bbox 2260 2801 2702 2868; x_wconf 82' lang='lat' dir='ltr'>secundissime</span> 
     </span>
     <span class='ocr_line' id='line_1_19' title="bbox 225 2904 2705 2991; baseline 0 -19"><span class='ocrx_word' id='word_1_123' title='bbox 225 2905 493 2983; x_wconf 88' lang='lat' dir='ltr'>cederet;</span> <span class='ocrx_word' id='word_1_124' title='bbox 540 2924 616 2972; x_wconf 90' lang='lat' dir='ltr'>eo</span> <span class='ocrx_word' id='word_1_125' title='bbox 656 2906 934 2991; x_wconf 85' lang='lat' dir='ltr'>perbrevi</span> <span class='ocrx_word' id='word_1_126' title='bbox 976 2925 1271 2980; x_wconf 80' lang='lat' dir='ltr'>annorum</span> <span class='ocrx_word' id='word_1_127' title='bbox 1316 2906 1515 2989; x_wconf 91' lang='lat' dir='ltr'>spatio</span> <span class='ocrx_word' id='word_1_128' title='bbox 1544 2906 1875 2972; x_wconf 81' lang='lat' dir='ltr'>deventum</span> <span class='ocrx_word' id='word_1_129' title='bbox 1907 2908 2023 2984; x_wconf 91' lang='lat' dir='ltr'>est,</span> <span class='ocrx_word' id='word_1_130' title='bbox 2059 2908 2132 2971; x_wconf 92' lang='lat' dir='ltr'>ut</span> <span class='ocrx_word' id='word_1_131' title='bbox 2162 2904 2499 2990; x_wconf 83' lang='lat' dir='ltr'>Gregorius</span> <span class='ocrx_word' id='word_1_132' title='bbox 2524 2905 2705 2972; x_wconf 86' lang='lat' dir='ltr'><strong>XIII.</strong></span> 
     </span>
     <span class='ocr_line' id='line_1_20' title="bbox 225 3009 2705 3095; baseline 0.001 -22"><span class='ocrx_word' id='word_1_133' title='bbox 225 3010 294 3075; x_wconf 86' lang='lat' dir='ltr'>de</span> <span class='ocrx_word' id='word_1_134' title='bbox 336 3010 750 3095; x_wconf 85' lang='lat' dir='ltr'>praeficiendo</span> <span class='ocrx_word' id='word_1_135' title='bbox 795 3011 1171 3077; x_wconf 84' lang='lat' dir='ltr'>adolescenti</span> <span class='ocrx_word' id='word_1_136' title='bbox 1218 3009 1530 3077; x_wconf 84' lang='lat' dir='ltr'>Ecclesiae</span> <span class='ocrx_word' id='word_1_137' title='bbox 1579 3009 1885 3078; x_wconf 83' lang='lat' dir='ltr'>Antistite</span> <span class='ocrx_word' id='word_1_138' title='bbox 1929 3009 2241 3095; x_wconf 88' lang='lat' dir='ltr'>cogitarit,</span> <span class='ocrx_word' id='word_1_139' title='bbox 2303 3029 2379 3078; x_wconf 87' lang='lat' dir='ltr'>ac</span> <span class='ocrx_word' id='word_1_140' title='bbox 2432 3011 2705 3078; x_wconf 80' lang='lat' dir='ltr'>Manila-</span> 
     </span>
     <span class='ocr_line' id='line_1_21' title="bbox 225 3114 2706 3201; baseline 0 -22"><span class='ocrx_word' id='word_1_141' title='bbox 225 3134 363 3180; x_wconf 90' lang='lat' dir='ltr'>num</span> <span class='ocrx_word' id='word_1_142' title='bbox 422 3117 868 3201; x_wconf 85' lang='lat' dir='ltr'>Episcopatum</span> <span class='ocrx_word' id='word_1_143' title='bbox 919 3115 1287 3182; x_wconf 88' lang='lat' dir='ltr'>instituerit.</span> <span class='ocrx_word' id='word_1_144' title='bbox 1395 3114 1643 3199; x_wconf 76' lang='lat' dir='ltr'>coeptis</span> <span class='ocrx_word' id='word_1_145' title='bbox 1712 3114 2025 3193; x_wconf 75' lang='lat' dir='ltr'>felicibus,</span> <span class='ocrx_word' id='word_1_146' title='bbox 2092 3133 2250 3199; x_wconf 87' lang='lat' dir='ltr'>quae</span> <span class='ocrx_word' id='word_1_147' title='bbox 2315 3114 2706 3199; x_wconf 87' lang='lat' dir='ltr'>postmodum</span> 
     </span>
     <span class='ocr_line' id='line_1_22' title="bbox 224 3218 2710 3304; baseline -0 -19"><span class='ocrx_word' id='word_1_148' title='bbox 224 3222 430 3286; x_wconf 85' lang='lat' dir='ltr'>secuta</span> <span class='ocrx_word' id='word_1_149' title='bbox 484 3223 638 3286; x_wconf 89' lang='lat' dir='ltr'>sunt</span> <span class='ocrx_word' id='word_1_150' title='bbox 679 3221 1060 3286; x_wconf 89' lang='lat' dir='ltr'>incrementa</span> <span class='ocrx_word' id='word_1_151' title='bbox 1120 3220 1474 3304; x_wconf 86' lang='lat' dir='ltr'>plenissime</span> <span class='ocrx_word' id='word_1_152' title='bbox 1533 3219 1994 3304; x_wconf 89' lang='lat' dir='ltr'>responderunt.</span> <span class='ocrx_word' id='word_1_153' title='bbox 2086 3218 2502 3286; x_wconf 84' lang='lat' dir='ltr'>Concordibus</span> <span class='ocrx_word' id='word_1_154' title='bbox 2546 3219 2710 3285; x_wconf 89' lang='lat' dir='ltr'>euim</span> 
     </span>
     <span class='ocr_line' id='line_1_23' title="bbox 228 3323 2713 3409; baseline 0.001 -22"><span class='ocrx_word' id='word_1_155' title='bbox 228 3323 623 3391; x_wconf 67' lang='lat' dir='ltr'>beomorum</span> <span class='ocrx_word' id='word_1_156' title='bbox 669 3324 1039 3390; x_wconf 87' lang='lat' dir='ltr'>Nostrorum</span> <span class='ocrx_word' id='word_1_157' title='bbox 1083 3327 1270 3408; x_wconf 84' lang='lat' dir='ltr'>atque</span> <span class='ocrx_word' id='word_1_158' title='bbox 1320 3323 1762 3408; x_wconf 88' lang='lat' dir='ltr'>Hispaniarum</span> <span class='ocrx_word' id='word_1_159' title='bbox 1812 3323 2052 3409; x_wconf 86' lang='lat' dir='ltr'>Regum</span> <span class='ocrx_word' id='word_1_160' title='bbox 2101 3323 2445 3403; x_wconf 86' lang='lat' dir='ltr'>industriis,</span> <span class='ocrx_word' id='word_1_161' title='bbox 2504 3323 2713 3389; x_wconf 84' lang='lat' dir='ltr'>deleta</span> 
     </span>
     <span class='ocr_line' id='line_1_24' title="bbox 223 3427 2706 3512; baseline 0 -20"><span class='ocrx_word' id='word_1_162' title='bbox 223 3429 499 3508; x_wconf 83' lang='lat' dir='ltr'>servitus,</span> <span class='ocrx_word' id='word_1_163' title='bbox 550 3428 789 3496; x_wconf 87' lang='lat' dir='ltr'>incolae</span> <span class='ocrx_word' id='word_1_164' title='bbox 835 3428 1187 3495; x_wconf 88' lang='lat' dir='ltr'>litterarum</span> <span class='ocrx_word' id='word_1_165' title='bbox 1232 3432 1420 3512; x_wconf 84' lang='lat' dir='ltr'>atque</span> <span class='ocrx_word' id='word_1_166' title='bbox 1466 3429 1696 3493; x_wconf 88' lang='lat' dir='ltr'>artium</span> <span class='ocrx_word' id='word_1_167' title='bbox 1742 3428 2090 3512; x_wconf 89' lang='lat' dir='ltr'>disciplinis</span> <span class='ocrx_word' id='word_1_168' title='bbox 2138 3428 2216 3493; x_wconf 89' lang='lat' dir='ltr'>ad</span> <span class='ocrx_word' id='word_1_169' title='bbox 2252 3427 2706 3494; x_wconf 84' lang='lat' dir='ltr'>humanitatem</span> 
     </span>
     <span class='ocr_line' id='line_1_25' title="bbox 224 3530 2709 3619; baseline 0.001 -23"><span class='ocrx_word' id='word_1_170' title='bbox 224 3534 473 3613; x_wconf 85' lang='lat' dir='ltr'>exculti,</span> <span class='ocrx_word' id='word_1_171' title='bbox 520 3533 760 3618; x_wconf 89' lang='lat' dir='ltr'>templa</span> <span class='ocrx_word' id='word_1_172' title='bbox 802 3535 1054 3617; x_wconf 83' lang='lat' dir='ltr'>sumptu</span> <span class='ocrx_word' id='word_1_173' title='bbox 1101 3530 1431 3619; x_wconf 84' lang='lat' dir='ltr'>magnifico</span> <span class='ocrx_word' id='word_1_174' title='bbox 1490 3536 1701 3599; x_wconf 86' lang='lat' dir='ltr'>erecta</span> <span class='ocrx_word' id='word_1_175' title='bbox 1761 3535 1827 3599; x_wconf 94' lang='lat' dir='ltr'>et</span> <span class='ocrx_word' id='word_1_176' title='bbox 1884 3532 2195 3600; x_wconf 87' lang='lat' dir='ltr'>instructa</span> <span class='ocrx_word' id='word_1_177' title='bbox 2215 3580 2230 3609; x_wconf 86' lang='lat'><strong>‚</strong></span> <span class='ocrx_word' id='word_1_178' title='bbox 2275 3534 2496 3599; x_wconf 87' lang='lat' dir='ltr'>auctus</span> <span class='ocrx_word' id='word_1_179' title='bbox 2541 3532 2709 3598; x_wconf 85' lang='lat' dir='ltr'>dioe-</span> 
     </span>
     <span class='ocr_line' id='line_1_26' title="bbox 223 3636 2711 3722; baseline -0 -20"><span class='ocrx_word' id='word_1_180' title='bbox 223 3637 446 3704; x_wconf 86' lang='lat' dir='ltr'>cesium</span> <span class='ocrx_word' id='word_1_181' title='bbox 493 3657 823 3716; x_wconf 67' lang='lat' dir='ltr'>numerus,</span> <span class='ocrx_word' id='word_1_182' title='bbox 872 3641 944 3704; x_wconf 90' lang='lat' dir='ltr'>ut</span> <span class='ocrx_word' id='word_1_183' title='bbox 990 3637 1483 3722; x_wconf 87' lang='lat' dir='ltr'>Philippinarum</span> <span class='ocrx_word' id='word_1_184' title='bbox 1530 3656 1683 3721; x_wconf 89' lang='lat' dir='ltr'>gens</span> <span class='ocrx_word' id='word_1_185' title='bbox 1728 3639 1792 3703; x_wconf 92' lang='lat' dir='ltr'>et</span> <span class='ocrx_word' id='word_1_186' title='bbox 1823 3638 2098 3703; x_wconf 84' lang='lat' dir='ltr'>Ecclesia</span> <span class='ocrx_word' id='word_1_187' title='bbox 2130 3637 2352 3703; x_wconf 89' lang='lat' dir='ltr'>merito</span> <span class='ocrx_word' id='word_1_188' title='bbox 2383 3636 2711 3702; x_wconf 82' lang='lat' dir='ltr'>excelleret</span> 
     </span>
     <span class='ocr_line' id='line_1_27' title="bbox 223 3739 2710 3827; baseline 0.001 -24"><span class='ocrx_word' id='word_1_189' title='bbox 223 3742 542 3823; x_wconf 87' lang='lat' dir='ltr'>splendore</span> <span class='ocrx_word' id='word_1_190' title='bbox 606 3742 917 3821; x_wconf 82' lang='lat' dir='ltr'>civitatis,</span> <span class='ocrx_word' id='word_1_191' title='bbox 987 3742 1327 3827; x_wconf 85' lang='lat' dir='ltr'>Religionis</span> <span class='ocrx_word' id='word_1_192' title='bbox 1389 3742 1704 3826; x_wconf 88' lang='lat' dir='ltr'>dignitate</span> <span class='ocrx_word' id='word_1_193' title='bbox 1764 3745 1951 3826; x_wconf 88' lang='lat' dir='ltr'>atque</span> <span class='ocrx_word' id='word_1_194' title='bbox 2004 3741 2229 3810; x_wconf 86' lang='lat' dir='ltr'>studio.</span> <span class='ocrx_word' id='word_1_195' title='bbox 2322 3739 2427 3806; x_wconf 88' lang='lat' dir='ltr'>Sic</span> <span class='ocrx_word' id='word_1_196' title='bbox 2470 3758 2710 3824; x_wconf 88' lang='lat' dir='ltr'>nempe,</span> 
     </span>
     <span class='ocr_line' id='line_1_28' title="bbox 229 3843 2712 3930; baseline 0 -21"><span class='ocrx_word' id='word_1_197' title='bbox 229 3843 455 3930; x_wconf 84' lang='lat' dir='ltr'>Regum</span> <span class='ocrx_word' id='word_1_198' title='bbox 516 3846 922 3930; x_wconf 85' lang='lat' dir='ltr'>hispanorum</span> <span class='ocrx_word' id='word_1_199' title='bbox 980 3847 1181 3913; x_wconf 89' lang='lat' dir='ltr'>tutela</span> <span class='ocrx_word' id='word_1_200' title='bbox 1240 3846 1506 3930; x_wconf 90' lang='lat' dir='ltr'>datoque</span> <span class='ocrx_word' id='word_1_201' title='bbox 1550 3846 1681 3912; x_wconf 90' lang='lat' dir='ltr'>illis</span> <span class='ocrx_word' id='word_1_202' title='bbox 1727 3864 1764 3910; x_wconf 88' lang='lat' dir='ltr'>a</span> <span class='ocrx_word' id='word_1_203' title='bbox 1805 3845 2102 3911; x_wconf 86' lang='lat' dir='ltr'>Romanis</span> <span class='ocrx_word' id='word_1_204' title='bbox 2151 3843 2555 3911; x_wconf 85' lang='lat' dir='ltr'>Pontificibus</span> <span class='ocrx_word' id='word_1_205' title='bbox 2598 3862 2712 3926; x_wconf 89' lang='lat' dir='ltr'>pa-</span> 
     </span>
     <span class='ocr_line' id='line_1_29' title="bbox 224 3947 2707 4036; baseline 0.001 -24"><span class='ocrx_word' id='word_1_206' title='bbox 224 3950 502 4030; x_wconf 83' lang='lat' dir='ltr'>tronatu,</span> <span class='ocrx_word' id='word_1_207' title='bbox 569 3952 739 4017; x_wconf 88' lang='lat' dir='ltr'>recte</span> <span class='ocrx_word' id='word_1_208' title='bbox 797 3952 984 4036; x_wconf 85' lang='lat' dir='ltr'>atque</span> <span class='ocrx_word' id='word_1_209' title='bbox 1042 3950 1254 4016; x_wconf 89' lang='lat' dir='ltr'>ordine</span> <span class='ocrx_word' id='word_1_210' title='bbox 1301 3951 1365 4014; x_wconf 91' lang='lat' dir='ltr'>in</span> <span class='ocrx_word' id='word_1_211' title='bbox 1417 3949 1788 4034; x_wconf 89' lang='lat' dir='ltr'>Philippinis</span> <span class='ocrx_word' id='word_1_212' title='bbox 1833 3948 2065 4016; x_wconf 91' lang='lat' dir='ltr'>Insulis</span> <span class='ocrx_word' id='word_1_213' title='bbox 2109 3967 2207 4014; x_wconf 89' lang='lat' dir='ltr'>res</span> <span class='ocrx_word' id='word_1_214' title='bbox 2246 3947 2555 4015; x_wconf 85' lang='lat' dir='ltr'>catholica</span> <span class='ocrx_word' id='word_1_215' title='bbox 2601 3966 2707 4033; x_wconf 88' lang='lat' dir='ltr'>ge·</span> 
     </span>
     <span class='ocr_line' id='line_1_30' title="bbox 226 4053 2705 4139; baseline 0.001 -23"><span class='ocrx_word' id='word_1_216' title='bbox 226 4054 484 4124; x_wconf 87' lang='lat' dir='ltr'>rebatur.</span> <span class='ocrx_word' id='word_1_217' title='bbox 583 4055 812 4121; x_wconf 88' lang='lat' dir='ltr'>Verum</span> <span class='ocrx_word' id='word_1_218' title='bbox 865 4072 1052 4139; x_wconf 88' lang='lat' dir='ltr'>quam</span> <span class='ocrx_word' id='word_1_219' title='bbox 1111 4053 1243 4120; x_wconf 90' lang='lat' dir='ltr'>illic</span> <span class='ocrx_word' id='word_1_220' title='bbox 1288 4073 1600 4121; x_wconf 88' lang='lat' dir='ltr'>armorum</span> <span class='ocrx_word' id='word_1_221' title='bbox 1647 4055 1848 4121; x_wconf 85' lang='lat' dir='ltr'>exitus</span> <span class='ocrx_word' id='word_1_222' title='bbox 1892 4053 2181 4137; x_wconf 88' lang='lat' dir='ltr'>publicae</span> <span class='ocrx_word' id='word_1_223' title='bbox 2228 4053 2315 4118; x_wconf 89' lang='lat' dir='ltr'>rei</span> <span class='ocrx_word' id='word_1_224' title='bbox 2358 4053 2705 4119; x_wconf 83' lang='lat' dir='ltr'>conversio-</span> 
     </span>
     <span class='ocr_line' id='line_1_31' title="bbox 228 4157 2707 4244; baseline 0.001 -23"><span class='ocrx_word' id='word_1_225' title='bbox 228 4176 353 4223; x_wconf 86' lang='lat' dir='ltr'>nem</span> <span class='ocrx_word' id='word_1_226' title='bbox 396 4160 572 4226; x_wconf 87' lang='lat' dir='ltr'>baud</span> <span class='ocrx_word' id='word_1_227' title='bbox 618 4159 709 4225; x_wconf 87' lang='lat' dir='ltr'>ita</span> <span class='ocrx_word' id='word_1_228' title='bbox 751 4159 987 4244; x_wconf 89' lang='lat' dir='ltr'>pridem</span> <span class='ocrx_word' id='word_1_229' title='bbox 1029 4159 1284 4238; x_wconf 90' lang='lat' dir='ltr'>attulit,</span> <span class='ocrx_word' id='word_1_230' title='bbox 1342 4160 1576 4242; x_wconf 90' lang='lat' dir='ltr'>pariter</span> <span class='ocrx_word' id='word_1_231' title='bbox 1637 4163 1703 4225; x_wconf 90' lang='lat' dir='ltr'>et</span> <span class='ocrx_word' id='word_1_232' title='bbox 1756 4176 1970 4225; x_wconf 87' lang='lat' dir='ltr'>sacrae</span> <span class='ocrx_word' id='word_1_233' title='bbox 2010 4157 2250 4223; x_wconf 86' lang='lat' dir='ltr'>intulit.</span> <span class='ocrx_word' id='word_1_234' title='bbox 2346 4157 2546 4237; x_wconf 88' lang='lat' dir='ltr'>Nam,</span> <span class='ocrx_word' id='word_1_235' title='bbox 2597 4157 2707 4224; x_wconf 91' lang='lat' dir='ltr'>de·</span> 
     </span>
     <span class='ocr_line' id='line_1_32' title="bbox 228 4261 2705 4348; baseline 0 -23"><span class='ocrx_word' id='word_1_236' title='bbox 228 4263 404 4329; x_wconf 84' lang='lat' dir='ltr'>missa</span> <span class='ocrx_word' id='word_1_237' title='bbox 462 4264 544 4329; x_wconf 86' lang='lat' dir='ltr'>ab</span> <span class='ocrx_word' id='word_1_238' title='bbox 613 4262 902 4348; x_wconf 85' lang='lat' dir='ltr'>Hispanis</span> <span class='ocrx_word' id='word_1_239' title='bbox 957 4263 1226 4343; x_wconf 88' lang='lat' dir='ltr'>ditione,</span> <span class='ocrx_word' id='word_1_240' title='bbox 1295 4265 1664 4347; x_wconf 86' lang='lat' dir='ltr'>patronatus</span> <span class='ocrx_word' id='word_1_241' title='bbox 1733 4264 1922 4331; x_wconf 86' lang='lat' dir='ltr'>etiam</span> <span class='ocrx_word' id='word_1_242' title='bbox 1994 4262 2389 4347; x_wconf 88' lang='lat' dir='ltr'>hispanorum</span> <span class='ocrx_word' id='word_1_243' title='bbox 2460 4261 2705 4345; x_wconf 85' lang='lat' dir='ltr'>Regum</span> 
     </span>
     <span class='ocr_line' id='line_1_33' title="bbox 224 4364 2702 4452; baseline 0 -23"><span class='ocrx_word' id='word_1_244' title='bbox 224 4365 411 4435; x_wconf 87' lang='lat' dir='ltr'>desiit.</span> <span class='ocrx_word' id='word_1_245' title='bbox 505 4368 645 4450; x_wconf 82' lang='lat' dir='ltr'>Quo</span> <span class='ocrx_word' id='word_1_246' title='bbox 690 4367 922 4434; x_wconf 79' lang='lat' dir='ltr'>factum</span> <span class='ocrx_word' id='word_1_247' title='bbox 969 4369 1066 4434; x_wconf 91' lang='lat' dir='ltr'>est</span> <span class='ocrx_word' id='word_1_248' title='bbox 1106 4370 1176 4433; x_wconf 90' lang='lat' dir='ltr'>ut</span> <span class='ocrx_word' id='word_1_249' title='bbox 1224 4368 1500 4436; x_wconf 79' lang='lat' dir='ltr'>Ecclesia</span> <span class='ocrx_word' id='word_1_250' title='bbox 1545 4368 1609 4433; x_wconf 88' lang='lat' dir='ltr'>in</span> <span class='ocrx_word' id='word_1_251' title='bbox 1654 4368 1951 4452; x_wconf 89' lang='lat' dir='ltr'>potiorem</span> <span class='ocrx_word' id='word_1_252' title='bbox 2010 4365 2326 4433; x_wconf 87' lang='lat' dir='ltr'>libertatis</span> <span class='ocrx_word' id='word_1_253' title='bbox 2392 4364 2702 4431; x_wconf 89' lang='lat' dir='ltr'>conditio-</span> 
     </span>
     <span class='ocr_line' id='line_1_34' title="bbox 228 4469 2706 4556; baseline 0 -24"><span class='ocrx_word' id='word_1_254' title='bbox 228 4488 353 4537; x_wconf 90' lang='lat' dir='ltr'>nem</span> <span class='ocrx_word' id='word_1_255' title='bbox 411 4472 762 4550; x_wconf 83' lang='lat' dir='ltr'>devenerit,</span> <span class='ocrx_word' id='word_1_256' title='bbox 825 4474 1002 4555; x_wconf 87' lang='lat' dir='ltr'>parto</span> <span class='ocrx_word' id='word_1_257' title='bbox 1062 4471 1310 4555; x_wconf 88' lang='lat' dir='ltr'>quidem</span> <span class='ocrx_word' id='word_1_258' title='bbox 1365 4474 1586 4556; x_wconf 85' lang='lat' dir='ltr'>cuique</span> <span class='ocrx_word' id='word_1_259' title='bbox 1638 4472 1769 4537; x_wconf 90' lang='lat' dir='ltr'>iure</span> <span class='ocrx_word' id='word_1_260' title='bbox 1813 4471 1983 4538; x_wconf 84' lang='lat' dir='ltr'>salvo</span> <span class='ocrx_word' id='word_1_261' title='bbox 2028 4472 2215 4556; x_wconf 88' lang='lat' dir='ltr'>atque</span> <span class='ocrx_word' id='word_1_262' title='bbox 2262 4469 2577 4535; x_wconf 89' lang='lat' dir='ltr'>incolumi.</span> <span class='ocrx_word' id='word_1_263' title='bbox 2625 4504 2706 4517; x_wconf 88' lang='lat'>—</span> 
     </span>
     <span class='ocr_line' id='line_1_35' title="bbox 232 4571 2699 4662; baseline 0 -24"><span class='ocrx_word' id='word_1_264' title='bbox 232 4571 379 4643; x_wconf 84' lang='lat' dir='ltr'>Huic</span> <span class='ocrx_word' id='word_1_265' title='bbox 443 4594 629 4661; x_wconf 86' lang='lat' dir='ltr'>porro</span> <span class='ocrx_word' id='word_1_266' title='bbox 694 4595 885 4643; x_wconf 85' lang='lat' dir='ltr'>novae</span> <span class='ocrx_word' id='word_1_267' title='bbox 948 4595 1153 4642; x_wconf 91' lang='lat' dir='ltr'>rerum</span> <span class='ocrx_word' id='word_1_268' title='bbox 1215 4576 1588 4655; x_wconf 89' lang='lat' dir='ltr'>conditioni,</span> <span class='ocrx_word' id='word_1_269' title='bbox 1663 4595 1740 4642; x_wconf 90' lang='lat' dir='ltr'>ne</span> <span class='ocrx_word' id='word_1_270' title='bbox 1817 4576 1959 4641; x_wconf 90' lang='lat' dir='ltr'>inde</span> <span class='ocrx_word' id='word_1_271' title='bbox 2014 4576 2189 4662; x_wconf 83' lang='lat' dir='ltr'>vigor</span> <span class='ocrx_word' id='word_1_272' title='bbox 2240 4574 2699 4641; x_wconf 86' lang='lat' dir='ltr'>ecclesiasticae</span> 
     </span>
    </p>
   </div>
   <div class='ocr_carea' id='block_1_8' title="bbox 230 4676 2703 4849">
    <p class='ocr_par' dir='ltr' id='par_1_9' title="bbox 230 4676 2703 4849">
     <span class='ocr_line' id='line_1_36' title="bbox 230 4676 2703 4765; baseline 0 -24"><span class='ocrx_word' id='word_1_273' title='bbox 230 4676 584 4764; x_wconf 87' lang='lat' dir='ltr'>disciplinae</span> <span class='ocrx_word' id='word_1_274' title='bbox 630 4680 689 4746; x_wconf 89' lang='lat' dir='ltr'>in</span> <span class='ocrx_word' id='word_1_275' title='bbox 733 4680 1059 4747; x_wconf 87' lang='lat' dir='ltr'>discrimen</span> <span class='ocrx_word' id='word_1_276' title='bbox 1103 4681 1370 4759; x_wconf 84' lang='lat' dir='ltr'>veniret,</span> <span class='ocrx_word' id='word_1_277' title='bbox 1420 4681 1525 4765; x_wconf 92' lang='lat' dir='ltr'>qui</span> <span class='ocrx_word' id='word_1_278' title='bbox 1571 4680 1788 4747; x_wconf 88' lang='lat' dir='ltr'>modus</span> <span class='ocrx_word' id='word_1_279' title='bbox 1832 4680 2082 4761; x_wconf 78' lang='lat' dir='ltr'>agendi,</span> <span class='ocrx_word' id='word_1_280' title='bbox 2130 4698 2290 4764; x_wconf 88' lang='lat' dir='ltr'>quae</span> <span class='ocrx_word' id='word_1_281' title='bbox 2333 4677 2703 4762; x_wconf 82' lang='lat' dir='ltr'>temperatio</span> 
     </span>
     <span class='ocr_line' id='line_1_37' title="bbox 285 4784 2497 4849; baseline 0.004 -9"><span class='ocrx_word' id='word_1_282' title='bbox 285 4791 467 4840; x_wconf 66' lang='lat' dir='ltr'><strong>Archiv</strong></span> <span class='ocrx_word' id='word_1_283' title='bbox 503 4794 589 4839; x_wconf 70' lang='lat' dir='ltr'>tur</span> <span class='ocrx_word' id='word_1_284' title='bbox 622 4789 986 4841; x_wconf 60' lang='lat' dir='ltr'>anemonas.</span> <span class='ocrx_word' id='word_1_285' title='bbox 1017 4793 1297 4842; x_wconf 70' lang='lat' dir='ltr'>mxxxlu.</span> <span class='ocrx_word' id='word_1_286' title='bbox 2461 4784 2497 4849; x_wconf 88' lang='grc'>7</span> 
     </span>
    </p>
   </div>
   <div class='ocr_carea' id='block_1_9' title="bbox 3250 1574 3253 2080">
    <p class='ocr_par' dir='ltr' id='par_1_10' title="bbox 3250 1574 3253 2080">
     <span class='ocr_line' id='line_1_38' title="bbox 3250 1574 3253 2080; baseline 0 0"><span class='ocrx_word' id='word_1_287' title='bbox 3250 1574 3253 2080; x_wconf 95' lang='lat' dir='ltr'> </span> 
     </span>
    </p>
   </div>
  </div>
 </body>
</html>
