3303 5013
565 311 693 379 392
1532 331 1535 334 ’
1701 331 1932 396 Gener,

582 503 913 589 apostolice
967 506 1324 572 collectores
1369 503 1873 582 succollectores,
1927 502 2411 580 commissarios,
2473 502 2728 567 nuncios
2783 502 2849 567 et
2909 499 3077 566 alios

574 609 771 675 eciam
812 609 1139 676 officiarios
1188 610 1618 690 constitueris,
1666 609 2000 685 creaveris,
2055 606 2483 693 deputaveris,
2524 606 2917 684 destitueris,
2961 605 3076 670 de·

567 714 843 797 posueris
883 717 947 780 et
984 716 1364 782 revocaveris
1404 718 1469 781 et
1513 715 1577 780 in
1624 714 1832 799 regnis
1877 713 2241 798 provinciis,
2288 713 2506 793 terris,
2562 710 2954 776 districtibus
3003 714 3076 776 et

568 817 856 884 dominiis
920 820 1292 904 supradictis
1352 837 1671 904 processus
1734 819 1937 902 plures
1981 817 2231 894 feceris,
2286 834 2476 902 penas
2522 815 2752 881 multas
2800 818 2866 880 et
2910 834 3068 880 cen-

569 941 746 988 suras
786 925 921 989 tam
961 924 1314 1008 spirituales
1360 943 1545 1008 quam
1591 923 1963 1007 temporales
2008 921 2303 987 inflixeris
2339 941 2411 986 ac
2455 919 2649 985 eciam
2696 922 2829 984 tam
2860 920 3070 984 inter·

575 1026 904 1094 locutorias
922 1033 974 1107 ⁸)
1021 1047 1205 1112 quam
1250 1027 1617 1094 diffinitivas
1664 1045 1896 1094 necnon
1927 1025 2600 1099 excommunicacionis,
2647 1023 3074 1108 suspensionis

572 1134 636 1196 et
681 1131 994 1197 interdicti
1049 1133 1396 1199 sentencias
1456 1132 1941 1217 promulgaveris
1993 1134 2057 1196 et
2101 1150 2207 1196 eas
2255 1133 2319 1196 et
2363 1149 2576 1196 earum
2626 1130 3076 1212 agravaciones

572 1238 639 1301 et
680 1236 1194 1303 denunciaciones
1237 1237 1653 1321 publicaveris
1699 1239 1763 1303 et
1808 1235 2337 1321 pronunciantis,
2404 1233 2892 1300 iurisdictionem
2940 1235 3076 1317 spi·

573 1339 866 1406 ritualem
911 1343 977 1407 et
1017 1343 1421 1426 temporalem
1467 1341 1544 1407 ad
1585 1344 1762 1406 tuum
1804 1343 1868 1407 et
1897 1340 2242 1424 predictum
2276 1339 2548 1406 officium
2582 1336 3070 1424 pertinen[tem]

573 1445 911 1510 exercueris
943 1464 1015 1511 ac
1045 1447 1353 1530 pecunias,
1399 1447 1749 1523 vassellam,
1789 1444 2011 1529 perlas,
2045 1462 2327 1528 gemmas
2359 1445 2422 1509 et
2451 1442 2576 1508 alia
2606 1442 2831 1508 iocalia
2862 1442 3072 1507 eciam

573 1567 759 1613 aurea
803 1551 867 1615 et
912 1552 1210 1635 argentea
1255 1569 1327 1616 ac
1376 1550 1612 1634 lapides
1659 1550 1980 1634 preciosos,
2028 1567 2260 1633 pannos
2310 1566 2544 1625 aureos,
2591 1545 2834 1625 sericos,
2884 1546 3074 1612 lanu-

573 1655 670 1718 tos
708 1655 772 1719 et
815 1652 1040 1734 lineos,
1094 1654 1285 1721 libros
1327 1654 1714 1722 diversarum
1758 1655 2164 1735 facultatum,
2211 1653 2388 1730 vina,
2434 1651 2655 1727 blada,
2700 1669 2880 1731 aree,
2929 1651 3072 1716 ani·-

579 1756 792 1835 malia,
836 1776 934 1823 res
979 1760 1042 1824 et
1074 1759 1231 1825 bona
1268 1760 1391 1825 alia
1421 1759 1814 1826 obvenientia
1842 1759 1917 1824 de
1945 1758 2311 1834 redditibuS,
2345 1756 2631 1834 exitibus,
2669 1755 3074 1839 proventibus

575 1860 831 1927 ecclesie
873 1862 1305 1930 Avinionensis
1349 1884 1533 1947 quarn
1579 1864 1659 1928 ad
1708 1882 1956 1928 manum
2007 1865 2280 1929 nostram
2325 1861 2663 1937 tenuimus,
2721 1859 2963 1925 iuribus
3004 1863 3070 1925 et

575 1964 1009 2031 emolumentis
1066 1968 1372 2033 terrarum
1435 1971 1779 2034 nostrarum
1828 1970 1890 2033 et
1937 1969 2209 2033 Romane
2257 1966 2514 2031 ecclesie
2560 1964 2845 2030 censibus
2891 1964 3070 2029 bien·

576 2068 853 2147 nalibus,
909 2071 1349 2150 triennalibus,
1412 2072 1953 2156 quadriennalibus
2011 2071 2184 2137 nobis
2230 2073 2294 2136 et
2348 2068 2609 2153 collegio
2654 2067 3068 2134 cardinalium

575 2171 705 2236 sive
747 2172 1022 2239 Romane
1063 2176 1320 2242 ecclesie
1365 2175 1590 2244 debitis
1635 2176 1931 2260 bonisque
1975 2179 2039 2241 et
2085 2178 2299 2254 rebus,
2362 2192 2479 2258 que
2540 2192 2611 2239 ex
2672 2171 3070 2238 ordinacione

576 2276 1006 2342 nonnullorum
1069 2279 1474 2345 cardinalium
1537 2280 1632 2345 vel
1683 2279 1838 2346 alias
1895 2283 2098 2364 preter
2146 2279 2243 2344 vel
2288 2279 2501 2344 contra
2546 2294 2756 2343 eorum
2802 2275 3068 2360 disposi-

578 2379 807 2445 tionem
855 2382 1043 2465 recipi
1088 2384 1151 2449 et
1194 2384 1385 2449 levari
1440 2383 1781 2463 voluimus,
1840 2384 2053 2468 spoliis
2111 2384 2485 2468 prelatorum
2542 2383 2604 2445 et
2666 2399 3068 2464 personarum

578 2483 844 2552 aliarum
890 2487 1447 2555 ecclesiasticarum
1493 2489 1859 2556 secularium
1894 2492 1958 2556 et
1989 2488 2365 2574 regularium
2400 2487 2496 2553 vel
2525 2485 2703 2551 bonis
2735 2484 3076 2552 obvenien-

580 2590 748 2656 tibus
808 2591 1083 2676 tempore
1145 2594 1540 2660 vacacionum
1605 2595 2060 2678 prelaturarum
2130 2594 2228 2659 vel
2301 2593 2563 2658 aliorum
2628 2590 3070 2656 beneficiorum

577 2695 1006 2762 communibus
1048 2698 1323 2764 serviciis
1366 2699 1736 2765 vacantibus
1781 2701 1843 2765 et
1888 2698 2134 2764 annatis
2179 2698 2309 2762 sive
2354 2696 2659 2762 fructibus
2698 2694 2888 2779 primi
2923 2693 3068 2760 anni

582 2798 981 2866 ecclesiarum
1021 2803 1530 2869 monasteriorum
1575 2807 1638 2869 et
1683 2803 2115 2870 beneficiorum
2164 2801 2426 2868 aliorum
2474 2799 2649 2866 donis
2693 2801 2759 2865 et
2801 2798 3071 2865 muneri·

575 2903 692 2970 bus
734 2905 1199 2991 quibuscunque
1241 2909 1636 2989 tractatibuS,
1683 2908 2248 2993 composicionibus,
2288 2905 2504 2989 pactis,
2554 2903 3067 2971 convencionibus

579 3008 846 3088 mutuis,
909 3010 1199 3088 decimis,
1266 3013 1727 3079 visitacionibus
1788 3016 1852 3077 et
1904 3010 2478 3097 procuracionibus‚
2538 3007 3064 3092 imposicionibus,

577 3111 840 3195 gabellis
884 3116 949 3180 et
1000 3115 1293 3182 subsidiis
1338 3116 1468 3198 (fol.
1506 3117 1600 3203 lv)
1638 3117 1780 3182 aliis
1822 3136 1893 3183 ac
1937 3117 2217 3201 pluribus
2261 3114 2378 3180 viis
2423 3117 2487 3180 et
2530 3112 2728 3178 modis
2774 3131 2884 3196 pro
2924 3131 3058 3195 pro·

579 3217 975 3295 mocionibus,
1020 3219 1487 3301 provisionibus,
1529 3222 1876 3299 unionibus,
1925 3220 2511 3304 dispensacionibus,
2559 3216 2842 3295 indultis,
2875 3215 3066 3300 privi-

582 3319 797 3404 legiis,
859 3323 1351 3406 exempcionibus
1413 3328 1475 3390 et
1536 3325 1933 3391 libertatibus
1992 3344 2062 3389 ac
2117 3322 2467 3389 franchisiis
2522 3324 2586 3388 et
2627 3321 2769 3387 aliis
2816 3339 3062 3386 conces·

578 3424 852 3490 sionibus
898 3427 962 3490 et
1007 3427 1236 3509 graciis
1285 3429 1415 3495 sive
1474 3448 1685 3508 causa,
1751 3430 2066 3496 occasione
2121 3429 2219 3494 vel
2273 3428 2514 3494 racione
2569 3425 2904 3492 earundem
2971 3423 3064 3490 vel

580 3528 928 3612 aliquarum
983 3550 1093 3597 seu
1151 3533 1496 3617 aliquorum
1545 3553 1617 3599 ex
1677 3535 1825 3619 ipsis
1885 3535 2013 3600 sive
2086 3553 2193 3617 per
2243 3532 2590 3598 oblaciones
2659 3531 2757 3597 vel
2818 3549 3066 3613 presen-

579 3634 850 3700 taciones
904 3636 1247 3705 liberaliter
1308 3639 1502 3705 factas
1561 3640 1690 3705 sive
1751 3659 1858 3723 per
1918 3638 2250 3721 colloquia,
2306 3638 2616 3703 tractatus
2663 3636 2758 3701 vel
2805 3634 3068 3719 promis-

576 3739 778 3805 siones
838 3742 932 3807 vel
995 3742 1344 3810 huiusmodi
1398 3743 1628 3808 similia
1688 3743 2080 3827 precedentes
2137 3742 2265 3807 sive
2309 3740 2697 3825 procedentia
2741 3740 2876 3804 sive
2919 3743 3066 3805 ante

577 3845 989 3929 predictarum
1036 3848 1493 3916 concessionum
1542 3848 1671 3913 sive
1720 3850 1855 3932 post
1900 3852 1966 3912 et
2013 3848 2208 3912 eciam
2256 3845 2536 3930 pluribus
2583 3844 2723 3910 aliis
2767 3844 2962 3910 variis
3008 3846 3072 3910 et

578 3948 838 4016 diversis
882 3951 1030 4028 viis,
1093 3952 1324 4029 modis,
1386 3952 1736 4019 racionibus
1798 3955 1864 4018 et
1926 3952 2129 4018 causis
2171 3949 2473 4034 receperis
2518 3951 2583 4014 et
2625 3948 2917 4013 habueris
2960 3966 3072 4013 seu

578 4052 785 4137 recipi,
836 4055 997 4139 exigi
1043 4058 1107 4122 et
1165 4056 1358 4123 levari
1417 4056 1635 4124 feceris
1688 4060 1751 4122 et
1815 4056 2202 4123 mandaveris
2265 4055 2358 4121 vel
2424 4054 2667 4120 nomine
2726 4056 2835 4118 tuo
2896 4056 2962 4119 et
3004 4056 3067 4117 te

578 4157 965 4240 postmodum
1012 4164 1217 4226 ratum
1267 4162 1530 4226 habente
1574 4163 1793 4245 petita,
1841 4165 2074 4238 exacta,
2123 4160 2328 4225 levata
2369 4159 2600 4224 fuerint
2630 4159 2694 4223 et
2726 4159 2975 4240 recepta
3005 4157 3069 4222 et

576 4254 824 4344 i'nsuper
873 4264 1167 4331 nonnulla
1213 4269 1522 4331 tractatus
1569 4272 1632 4334 et
1673 4270 1883 4351 pacta,
1930 4266 2435 4349 composiciones,
2482 4264 2865 4342 exactiones,
2913 4281 3064 4329 con-

577 4367 918 4444 vencioneS,
968 4370 1183 4434 mutua
1227 4372 1289 4435 et
1328 4369 1534 4453 plures
1571 4371 1727 4435 alios
1774 4373 2151 4450 contractus,
2206 4369 2651 4453 imposiciones,
2716 4366 3070 4432 taxaciones

576 4469 1026 4556 promissiones,
1055 4472 1491 4558 obligacioneS,
1518 4476 1936 4541 concessiones
1958 4477 2023 4541 et
2047 4474 2626 4558 impignoraciones,
2650 4471 3062 4548 vendiciones,

578 4575 1021 4649 alienaciones,
1071 4576 1537 4655 distractiones,
1584 4578 2110 4657 modificacioues,
2155 4577 2555 4656 donaciones,
2603 4575 3063 4661 assignaciones

787 4718 841 4788 a)
879 4722 962 4775 Hs
997 4720 1441 4777 intenocntoriu.
