3303 5013
1199 316 1329 370 und
1363 314 1927 384 Entscheidunyen.
2682 293 2807 359 501

317 485 568 570 gentia,
625 485 856 569 pariter
895 485 1215 569 ncqative,
1277 485 1611 553 dummodo
1671 485 1957 550 voluntas
2002 484 2329 550 emittendi
2376 483 2811 569 professionem

319 589 383 655 iu
429 589 707 674 praefato
754 589 983 654 Ordine
1029 608 1147 656 non
1194 589 1386 657 fuerit
1432 592 1796 656 retractata.

526 693 757 760 Datum
792 694 1021 760 Romae
1054 713 1124 759 ex
1145 693 1493 761 Secretaria
1515 693 1792 760 eiusdem
1820 693 1883 759 S.
1913 694 2136 777 congr.
2161 693 2262 759 die
2285 694 2350 758 4.
2376 692 2591 758 Martii
2620 691 2810 757 1903.

1102 799 1186 867 A.
1237 798 1418 866 Card.
1471 800 1749 882 fflpepi,
1801 797 2007 862 Praef.

490 905 555 970 L.
588 903 635 985 †
662 901 724 969 S.
909 901 952 987 †
997 903 1388 969 Franciscus
1432 901 1691 987 Soyaro,
1742 901 2030 986 Archiep.
2079 902 2386 979 Amiden„
2435 900 2720 969 Secr.ius.

318 1174 427 1240 lo.
469 1172 613 1239 Der
657 1155 1041 1256 fiborgang
1079 1174 1274 1241 eines
1318 1172 1729 1241 weltlichen
1774 1171 2216 1241 Tertiariers
2261 1187 2397 1239 von
2443 1169 2570 1239 der
2608 1170 2813 1238 einen

609 1293 734 1343 zur
778 1276 1092 1345 anderen
1132 1276 2000 1346 Franzlskanerobedienz
2037 1277 2142 1344 ist
2188 1276 2501 1344 erlaubt.

525 1414 839 1499 Folgende
897 1413 1363 1497 Entscheidung
1433 1415 1543 1479 der
1600 1413 1664 1482 S.
1714 1414 1942 1499 congr.
1990 1413 2241 1498 Indulg.
2307 1415 2372 1479 et
2431 1413 2633 1498 Relig.
2682 1413 2810 1477 will

317 1518 625 1605 besagen,
687 1518 830 1584 dass
890 1537 956 1583 es
1015 1519 1213 1584 einem
1278 1518 1624 1584 weltlichen
1682 1518 2023 1585 Tertiarier
2067 1538 2120 1583 z.
2174 1519 2242 1584 Β.
2287 1517 2396 1584 des
2441 1516 2812 1583 Minoriten·

314 1621 537 1689 ordens
603 1622 851 1689 erlaubt
916 1623 1032 1701 ist,
1096 1623 1536 1688 ohneweiteres
1607 1642 1683 1688 zu
1748 1622 1891 1688 dem
1958 1623 2127 1689 einer
2187 1622 2454 1688 anderen
2503 1621 2810 1687 Obedienz

317 1746 371 1792 2.
423 1726 491 1794 B.
556 1747 629 1792 zu
692 1727 830 1792 dem
899 1727 1133 1793 dritten
1200 1726 1741 1811 Kapuzinerorden
1809 1728 2239 1812 fiberzugehen
2312 1726 2431 1791 und
2495 1727 2640 1792 dass
2701 1725 2810 1790 der

318 1831 627 1898 weltliche
678 1831 1125 1916 »Regelpaten
1176 1831 1345 1897 seine
1395 1831 1805 1909 Fakultaten,
1869 1831 1968 1896 die
2029 1851 2095 1898 er
2154 1832 2254 1897 fur
2298 1830 2398 1895 die
2445 1830 2811 1916 Mitglieder

315 1935 424 2000 des
466 1936 647 2001 einen
691 1935 927 2002 Ordens
972 1936 1212 2016 besitzt,
1264 1937 1424 2002 auch
1467 1937 1567 2002 fur
1607 1936 1708 2000 die
1750 1936 1859 2002 des
1905 1935 2173 2003 anderen
2222 1936 2554 2001 anwenden
2612 1936 2808 2012 kann3

314 2058 434 2105 nur
476 2040 594 2106 soll
636 2041 925 2107 letzterer
969 2040 1109 2105 dem
1155 2042 1312 2109 betr.
1363 2040 1928 2126 Regularvisitator
1971 2039 2169 2105 davon
2220 2039 2494 2124 Anzeige
2529 2039 2808 2106 macheu.

523 2144 858 2228 Episcopus
908 2145 1373 2212 Ratisbonensis
1419 2146 1563 2211 huic
1607 2145 1670 2213 S.
1721 2145 1982 2228 Cong.ni
2022 2144 2435 2228 indulgentiis
2481 2141 2811 2228 Sacrisque

322 2248 625 2334 Reliquiis
672 2249 1055 2334 praepositae
1099 2249 1398 2335 exposuit,
1440 2251 1505 2316 in
1549 2268 1666 2315 sua
1704 2249 1967 2316 dioecesi
2012 2249 2270 2315 tertium
2320 2248 2614 2314 Ordinem
2661 2247 2809 2315 Sae-

318 2354 588 2420 cularem
633 2351 694 2420 S.
731 2353 1043 2420 Francisci
1075 2354 1377 2421 latissime
1410 2354 1760 2439 propagari,
1809 2354 2172 2438 praesertim
2207 2357 2482 2435 tempore
2513 2352 2619 2418 88.
2652 2352 2809 2418 Mis-

316 2459 592 2537 sionum,
652 2476 807 2542 quae
849 2458 1190 2543 promiscue
1237 2459 1546 2526 habentur
1591 2479 1628 2526 a
1673 2459 1840 2526 trina
1886 2458 2376 2525 Franciscalium
2426 2456 2700 2534 familia,
2747 2456 2811 2522 id

318 2567 416 2631 est
458 2564 583 2629 1³1².
631 2563 1087 2640 Minoritarum,
1134 2584 1244 2630 nec
1292 2584 1409 2631 non
1456 2564 1947 2647 Capuccinorum
1992 2566 2055 2628 et'
2102 2561 2639 2629 conventualium.

525 2669 646 2733 Ast
690 2668 842 2734 haec
886 2668 1115 2750 agendi
1168 2668 1326 2733 ratio
1390 2668 1804 2750 multiplicem
1865 2667 2196 2732 dubitandi
2243 2666 2498 2749 praebet
2541 2665 2810 2732 occasio·

317 2790 493 2847 nem;
555 2771 919 2854 praesertim
990 2772 1190 2854 quoad
1260 2772 1716 2855 cooptationem
1776 2769 2286 2836 christifidelium
2349 2771 2415 2835 in
2462 2768 2808 2853 praefatum

317 2873 609 2941 Ordinem
657 2878 721 2939 et
764 2875 1117 2940 eorumdem
1166 2874 1625 2959 professionem.
1695 2874 2012 2960 Siquidem
2058 2893 2241 2958 saepe
2286 2874 2540 2951 accidit,
2585 2876 2655 2938 ut
2700 2874 2807 2959 qui

317 2975 612 3044 Sacerdos
670 2978 1012 3043 Directoris
1071 2998 1294 3044 munus
1340 2997 1377 3044 a
1423 2977 1664 3045 familia
1708 2997 1798 3046 ex.
1848 2997 1942 3063 gr.
1987 2977 2501 3044 Conventualium
2549 2978 2808 3062 accepit,

318 3081 443 3148 alio
487 3081 921 3161 transferatur,
966 3082 1074 3148 ubi
1118 3084 1329 3150 existit
1374 3082 1790 3168 congregatio
1836 3082 2284 3149 Tertiariorum
2329 3102 2367 3148 a
2412 3082 2653 3148 familia
2685 3083 2805 3150 ca·

317 3186 717 3272 puccinorum
757 3190 999 3266 erecta3
1057 3207 1179 3273 quo
1222 3188 1284 3252 in
1333 3207 1479 3253 casu
1527 3188 1853 3253 dubitatur
1897 3207 1976 3253 an
2025 3188 2125 3252 hic
2170 3188 2384 3254 eodem
2433 3188 2612 3254 modo
2654 3187 2810 3254 inibi

316 3309 593 3358 exercere
653 3292 863 3357 valeat
921 3291 1289 3358 facultatem
1355 3293 1474 3377 ipsi
1535 3294 1837 3359 tributam
1894 3312 1927 3356 a
1980 3292 2222 3358 familia
2269 3292 2808 3358 Conventualium.

314 3396 452 3461 Imo
489 3394 779 3462 Tertiarii
811 3396 951 3480 ipsi,
991 3397 1095 3482 qui
1141 3398 1219 3462 ab
1265 3398 1477 3482 aliqua
1507 3398 1962 3482 praedictarum
2000 3396 2383 3463 familiarum
2415 3397 2491 3463 ad
2528 3397 2810 3462 habitum

313 3502 378 3566 et
423 3500 796 3566 novitiatum
839 3502 1068 3586 recepti
1115 3501 1319 3580 fuere,
1380 3502 1713 3587 aliquando
1776 3502 1900 3567 alio
1944 3502 2431 3585 transmigrant,
2478 3501 2584 3567 ubi
2639 3501 2811 3566 fran-

315 3604 638 3671 ciscalium
685 3604 925 3671 familia
966 3606 1209 3672 diversa
1256 3606 1334 3671 ab
1380 3625 1470 3685 ea,
1515 3625 1674 3690 quae
1721 3606 1966 3672 eosdem
2013 3605 2091 3670 ad
2128 3606 2411 3672 habitum
2449 3605 2811 3683 admiserat,

313 3709 695 3794 reperiatur3
757 3713 1131 3794 poteruntne
1193 3710 1489 3776 Tertiarii
1548 3711 1655 3775 isti
1703 3710 1908 3777 valide
1952 3710 2029 3775 ad
2077 3710 2514 3794 professionem
2563 3710 2812 3775 admitti

318 3814 397 3880 ab
441 3814 562 3881 hac
606 3813 895 3880 familia?

520 3918 725 4001 Quare
771 3920 1092 4001 sequentia
1139 3918 1348 3998 dubia,
1396 3919 1747 3984 dirimenda
1793 3918 2016 3985 Orator
2059 3919 2409 4002 proposuit:

525 4023 572 4087 1.
664 4023 887 4089 Utrum
957 4023 1442 4100 christifideles,
1516 4025 1621 4107 qui
1680 4024 1927 4089 inerunt
1988 4023 2247 4088 admissi
2308 4024 2383 4088 ad
2442 4023 2809 4089 novitiatum

315 4125 511 4192 Tertii
556 4126 807 4194 Ordinis
845 4127 1192 4195 Saecularis
1237 4126 1299 4195 S.
1352 4128 1662 4194 Francisci
1707 4127 1770 4193 in
1820 4128 2032 4212 aliqua
2077 4128 2602 4212 congregatione,
2651 4147 2811 4212 quae

313 4231 528 4297 subest
573 4230 1021 4309 iurisdictioni,
1083 4236 1270 4316 puta,
1333 4233 1451 4299 FF.
1500 4232 2030 4316 capuccinorum,
2076 4235 2127 4298 si
2176 4233 2297 4298 alio
2344 4234 2810 4316 transmigrent,

314 4336 423 4400 nbi
468 4336 679 4400 existit
726 4333 1140 4419 Congregatio
1183 4337 1467 4402 subiecta
1517 4338 1632 4403 FF.
1677 4338 2009 4416 Minoritis,
2058 4342 2169 4403 aut
2212 4338 2331 4404 FF.
2374 4336 2810 4404 Conventuali·

315 4439 452 4518 bus,
500 4440 651 4504 inibi
698 4439 1134 4523 professionem
1183 4441 1387 4506 valide
1432 4442 1720 4507 emittere
1767 4442 2057 4525 possint?

523 4543 608 4611 11.
658 4544 877 4610 Utrum
929 4544 1265 4618 Parochus,
1312 4544 1408 4611 vel
1454 4546 1721 4629 quilibet
1764 4545 1926 4611 alius
1966 4546 2283 4624 Sacerdos,
2328 4546 2433 4628 qui
2467 4547 2601 4609 erat
2634 4564 2810 4627 prae-

316 4647 487 4714 ditus
532 4647 865 4726 facultate,
928 4652 1083 4733 puta
1142 4668 1179 4713 a
1239 4649 1359 4716 FF.
1407 4649 1786 4730 Minoribus,
1848 4650 2177 4734 cooptandi
2240 4648 2689 4716 christifideles
2744 4649 2811 4713 in
