3303 5013
1198 318 1331 371 und
1367 316 1922 385 Emscbeidunqen.
2300 375 2307 381 ,
2672 299 2798 365 717

319 492 384 557 9.
445 489 846 572 Verlegung
906 486 1033 554 der
1083 485 2111 573 Kapuzlner-Novlzenhauser
2169 506 2297 556 aus
2361 487 2800 557 Frankreloh

1142 592 1221 658 in
1266 592 1380 659 eiu
1425 590 1723 659 anderes
1766 592 1988 660 Laud.

837 722 1222 789 Beatissime
1271 721 1478 799 Pater,

524 847 622 912 Fr.
653 844 964 911 Iucundos
1008 862 1046 909 a
1087 843 1415 922 Montorio‚
1447 842 1696 910 Ordinis
1730 844 1881 910 Min.
1917 843 2401 928 Oapuccinorum
2431 847 2798 913 Procurator

315 949 654 1028 Generalis,
716 950 793 1015 ad
855 950 1038 1033 pedes
1096 948 1159 1015 S.
1198 947 1269 1013 V.
1338 948 1660 1014 humiliter
1703 949 2080 1033 provolutus,
2144 949 2220 1014 de
2276 949 2454 1034 pleno
2499 969 2798 1017 consensu

314 1053 637 1121 Generalis
698 1053 997 1131 Ministri,
1056 1052 1332 1137 exponit:
1406 1052 1567 1138 quod
1630 1071 1823 1136 nuper
1889 1053 2186 1138 Religiosi
2249 1053 2624 1139 Cappuccini
2682 1057 2797 1121 sub

311 1160 548 1226 ditione
593 1157 888 1225 Gubernii
934 1156 1162 1223 Gallici
1210 1175 1244 1222 e
1288 1157 1417 1223 suis
1460 1155 1784 1223 coenobiis
1816 1158 1944 1226 fere
1989 1176 2200 1223 omnes
2244 1158 2304 1224 vi
2348 1159 2581 1244 expulsi
2627 1162 2794 1241 sunt,

311 1267 376 1329 et
420 1263 529 1329 alii
572 1263 635 1329 iu
676 1261 1055 1341 Helvetiam,
1101 1261 1208 1327 alii
1253 1262 1314 1325 in
1365 1260 1637 1345 ltaliam,
1686 1261 1796 1327 alii
1842 1261 1963 1328 alio
2007 1267 2437 1348 perrexerunt3
2483 1266 2547 1331 et
2583 1284 2799 1332 conse-

310 1370 571 1452 quenter
618 1366 900 1433 Novitios
956 1367 1122 1451 ipsos
1181 1384 1388 1431 secum
1436 1365 1764 1431 duxerunt.
1831 1365 2011 1432 Circa
2069 1367 2229 1451 quod
2276 1366 2338 1434 S.
2385 1366 2800 1454 Congregatio

313 1472 751 1556 Episcoporum
812 1474 877 1536 et
936 1468 1337 1556 Regularium
1396 1471 1510 1536 sub
1570 1469 1671 1535 die
1731 1471 1835 1538 23.
1882 1470 2046 1536 Iunii
2095 1471 2266 1538 1880
2327 1472 2406 1537 ad
2460 1491 2669 1558 preces
2727 1475 2797 1540 P.

313 1575 733 1643 commissarii
781 1573 1103 1643 Generalis
1134 1574 1442 1640 Francisci
1476 1575 1552 1640 de
1581 1574 2038 1654 Villa-Franca‚
2090 1575 2395 1642 Ministris
2426 1576 2796 1659 Galliarum,

311 1679 597 1748 Corsicae
641 1682 707 1745 et
745 1677 1093 1745 Sabaudiae
1137 1679 1442 1745 concessit
1486 1679 1776 1764 gratiam,
1825 1679 2001 1745 cuius
2049 1680 2257 1763 vigore
2302 1681 2541 1748 Novitii
2585 1685 2794 1749 trans-

312 1785 462 1851 ferri
509 1787 756 1869 possent
800 1784 942 1863 alio,
1006 1786 1238 1868 absque
1296 1802 1504 1849 eorum
1566 1783 1928 1864 novitiatus,
1998 1803 2105 1851 seu
2166 1785 2543 1869 probationis
2602 1787 2797 1854 inter·

311 1890 618 1975 ruptione.
691 1887 845 1956 Cum
913 1888 1126 1954 eadem
1201 1906 1363 1953 nunc
1429 1887 1707 1955 militent
1767 1889 2294 1968 circumstantiae,
2363 1893 2570 1957 orator
2631 1892 2797 1959 idem

310 1994 605 2079 implorat
650 1993 968 2059 Indultum
1014 1993 1093 2057 ab
1131 1991 1486 2076 Apostolica
1531 1992 1936 2078 benignitate,
1982 2012 2090 2078 pro
2136 1995 2487 2061 earumdem
2540 1995 2798 2062 Provin-

310 2099 549 2166 ciarum
581 2097 870 2174 Novitiis,
921 2098 984 2162 et
1030 2096 1083 2161 si
1127 2098 1231 2181 qui
1264 2095 1499 2162 Novitii
1546 2096 1669 2163 iam
1701 2098 1992 2164 translati
2025 2096 2276 2178 fuerint,
2321 2099 2533 2165 eadem
2567 2101 2796 2186 gratia,

311 2204 657 2288 opportuna
699 2201 1022 2269 sanatione
1062 2200 1329 2285 gaudere
1371 2201 1638 2267 valeant.

523 2308 603 2374 Et
645 2306 834 2385 Deus,
878 2312 983 2374 etc.

524 2412 749 2496 Vigore
791 2409 1156 2495 specialium
1205 2409 1571 2476 facultatum
1616 2429 1655 2476 a
1685 2408 1873 2477 SSmo
1918 2412 2056 2478 Duo
2087 2411 2316 2478 Nostro
2347 2430 2790 2491 concessarum,

311 2517 502 2585 Sacra
531 2516 945 2602 congregatio
986 2516 1273 2582 Emorum
1323 2517 1387 2582 et
1432 2516 1725 2581 Rmorum
1760 2513 1823 2584 S.
1853 2516 1921 2581 R.
1952 2517 2022 2583 Ε.
2058 2516 2482 2584 cardinalium
2529 2516 2796 2602 negotiis

311 2627 380 2689 et
417 2622 971 2689 consultationibus
1013 2620 1451 2704 Episcoporum
1511 2624 1578 2687 et
1637 2619 2042 2703 Regularium
2105 2620 2473 2705 praeposita,
2536 2621 2796 2688 attentis

311 2727 595 2812 precibus
646 2726 712 2792 P.
762 2723 1184 2791 procuratoris
1231 2723 1552 2790 Generalis
1597 2722 1850 2790 Ordinis
1890 2723 2042 2791 Min.
2120 2721 2628 2809 Capuccinorum,
2678 2744 2791 2792 ne-

314 2831 613 2899 cessarias
684 2832 748 2897 et
816 2832 1188 2914 opportunas
1273 2828 1606 2894 facultates
1677 2828 1745 2894 P.
1812 2827 2102 2894 Ministro
2177 2826 2468 2894 Generali
2535 2830 2797 2914 benigne

315 2935 558 3014 tribuit,
601 2954 859 3019 quarum
909 2936 966 3000 vi
1014 2933 1336 3018 indulgere
1382 2932 1604 3010 valeat,
1657 2936 1731 2998 ut
1765 2933 2003 2999 Novitii
2048 2932 2146 2998 sui
2189 2931 2440 3000 Ordinis
2481 2934 2543 2998 in
2590 2931 2799 3001 Gallia

321 3041 649 3106 existentes
703 3058 737 3105 e
792 3038 1074 3105 domibus
1133 3037 1523 3118 Novitiatus,
1596 3039 1836 3104 mutato
1897 3037 2086 3103 etiam
2133 3038 2200 3103 in
2241 3037 2430 3103 alium
2481 3038 2796 3105 decentem

317 3144 535 3210 babitu
580 3143 887 3229 religioso,
935 3143 987 3208 si
1020 3142 1355 3208 necessitas
1401 3142 1461 3207 id
1507 3142 1736 3226 exigat,
1785 3142 1908 3208 alio
1951 3144 2125 3208 extra
2162 3140 2432 3207 Galliam
2478 3142 2797 3209 transferri

315 3248 570 3332 possint,
616 3248 679 3313 in
727 3248 927 3313 locum
976 3251 1184 3313 tamen
1227 3247 1334 3311 ubi
1378 3246 1586 3312 omnia
1628 3246 1976 3313 habeantur
2019 3265 2175 3332 quae
2216 3266 2322 3331 pro
2352 3247 2657 3314 novitiatu
2697 3267 2796 3314 re·

315 3353 675 3436 quiruntur,
740 3353 807 3418 in
872 3370 1064 3437 eoque
1143 3351 1542 3430 novitiatum,
1613 3351 1764 3435 quin
1842 3371 1946 3435 per
2019 3351 2355 3435 praemissa
2415 3352 2800 3436 interruptus

314 3458 545 3523 censeri
591 3457 831 3537 debeat,
894 3456 1240 3541 perficiant,
1303 3455 1470 3521 facta
1534 3474 1672 3521 vero
1733 3474 1771 3521 a
1827 3455 2092 3540 singulis
2138 3455 2387 3522 novitiis
2453 3459 2598 3522 aute
2660 3476 2799 3541 pro-

317 3559 638 3628 fessionem
700 3560 1113 3627 declaratione
1171 3560 1234 3625 in
1296 3560 1544 3644 scriptis
1599 3578 1734 3625 sese
1796 3560 1909 3626 boc
1968 3559 2210 3626 indulto
2260 3560 2352 3625 uti
2413 3560 2589 3642 velle,
2639 3580 2798 3645 quae

315 3666 650 3732 declaratio
696 3665 1044 3733 adnotanda
1090 3665 1211 3731 erit
1238 3663 1304 3730 in
1347 3664 1525 3730 libris
1571 3664 2013 3748 professionum
2063 3666 2127 3729 et
2172 3667 2353 3730 caute
2399 3665 2789 3732 asservanda.

314 3769 652 3838 Contrariis
691 3771 1178 3855 quibuscumque
1231 3787 1350 3834 non
1395 3768 1810 3835 obstantibus.

523 3874 749 3941 Romae
802 3875 897 3941 16.
946 3873 1097 3940 Maii
1154 3873 1336 3940 1903.

348 3978 422 4046 L.
465 3980 510 4062 †
555 3979 621 4046 S.
1093 3976 1176 4043 D.
1227 3976 1408 4045 Card.
1454 3977 1748 4059 Fer-rata,
1804 3975 2005 4043 Praef.

1868 4080 1986 4147 Ph.
2028 4081 2338 4162 Giustini‚
2386 4079 2619 4148 Secret.

314 4328 414 4397 10.
445 4328 885 4418 quittungen
911 4327 1085 4395 uber
1096 4327 1504 4411 Zahlungen
1534 4345 1659 4395 aus
1688 4326 1815 4394 der
1840 4323 2298 4395 Staatskasse
2319 4325 2398 4393 in
2419 4326 2797 4393 Proussen.

674 4456 907 4527 (Kirchl.
941 4455 1352 4527 Amtsanzeiger
1392 4456 1429 4512 f.
1464 4455 1515 4512 d.
1554 4456 1778 4512 Dilizese
1817 4454 1971 4511 Trier
2007 4454 2103 4511 Nr.
2140 4454 2224 4510 12.
2261 4452 2434 4523 1908.)

515 4580 588 4645 In
632 4580 819 4664 Folge
861 4578 1030 4644 einer
1075 4598 1189 4644 von
1232 4578 1370 4643 dem
1417 4577 1623 4644 Herrn
1663 4578 1953 4644 Minister
1984 4577 2093 4643 der
2123 4576 2511 4661 geistlicben,
2563 4575 2785 4642 Unter·

307 4686 526 4750 richts·
576 4686 700 4749 und
740 4683 1682 4767 Medizinal·Angelegenbeiten
1729 4683 1811 4747 im
1865 4681 2433 4747 Einverstaudnisse
2478 4680 2593 4745 mit
2636 4679 2780 4745 dem
