3303 5013
490 279 615 345 704
1342 296 1687 352 Kirchliche
1728 296 2134 352 Aktenswcke

502 470 692 536 1847:
741 470 1105 548 Novarien„
1153 469 1509 536 dismembr.
1557 474 1648 536 12
1693 491 1834 554 auy.
1880 476 1941 538 et
1970 475 2055 538 18
2081 490 2218 538 nov.
2255 474 2467 538 1847:
2511 468 2574 533 in
2607 468 2721 536 hac
2753 471 2982 538 ultima

488 576 793 660 agebatur
839 573 1029 638 etiam
1077 573 1151 637 de
1196 574 1297 639 via
1346 594 1461 639 non
1509 593 1766 640 secura:
1814 574 1891 642 cf.
1937 575 2273 660 Fagnanus
2317 575 2360 641 l.
2404 594 2452 640 c.
2498 596 2562 641 n.
2610 580 2725 643 23.

693 680 970 744 Iamvero
1015 677 1079 742 in
1123 697 1270 743 casu
1313 683 1522 745 nostro
1563 698 1774 745 omnes
1806 679 2023 745 domus
2069 679 2132 744 in
2166 681 2423 745 civitate
2475 717 2546 727 —
2595 680 2864 766 Rayusa
2900 719 2975 730 —

488 804 605 849 nou
654 783 904 866 distant,
937 802 975 848 a
1022 783 1303 866 paroecia
1341 781 1401 849 S.
1452 784 1699 848 Ioannis
1750 785 1818 850 Β.
1868 784 2126 849 dimidia
2172 787 2348 868 parte
2394 783 2672 849 milliarii
2726 787 2791 850 et
2828 805 2977 852 non-

488 889 695 953 nullae
742 889 985 952 tantum
1031 906 1150 953 uno
1197 886 1524 965 milliario,
1588 891 1657 953 at
1717 891 1882 954 certe
1942 908 2058 954 non
2118 889 2417 972 amplius,
2489 890 2563 953 ut
2620 892 2866 955 constat
2910 909 2982 956 ex

486 994 706 1059 charta
749 992 1227 1076 topographica,
1292 1011 1450 1075 quae
1497 992 1831 1077 allegatur,
1880 995 1943 1058 et
1984 1012 2057 1059 ex
2100 994 2398 1058 relatione
2441 996 2706 1077 quatuor
2748 995 2981 1077 perito-

484 1118 643 1163 rum.
710 1134 796 1144 —
863 1097 1141 1163 Ecclesia
1211 1096 1395 1164 Ecce·
1413 1097 1651 1172 Homo,
1722 1097 2016 1182 erigenda
2073 1097 2135 1162 in
2178 1098 2557 1181 paroeciam,
2624 1097 2716 1164 ita
2759 1117 2976 1183 parum

487 1203 684 1268 distat
728 1203 804 1266 ab
846 1201 1126 1267 Ecclesia
1174 1200 1514 1284 parochiali
1557 1202 1620 1268 S.
1670 1202 1917 1268 Ioannis
1967 1202 2074 1283 B.,
2135 1204 2206 1268 ut
2267 1203 2329 1266 in
2395 1203 2511 1267 bac
2575 1221 2752 1268 nemo
2798 1222 2978 1286 prae-

487 1308 698 1373 dicare
743 1306 969 1385 valeat,
1018 1306 1262 1390 quando
1295 1307 1619 1388 pulsantur
1645 1326 1980 1391 campanae
2015 1308 2184 1373 illius
2218 1307 2527 1374 Ecclesiae
2558 1306 2981 1385 Ecce-Homo,

485 1413 579 1476 uti
626 1406 944 1476 affirmant
988 1411 1190 1494 periti.
1250 1447 1336 1459 —
1393 1411 1606 1477 Citata
1667 1412 1805 1476 iura
1865 1415 2075 1478 autem
2131 1414 2195 1478 et
2241 1412 2612 1478 Canonistae
2668 1411 2982 1495 explicant

483 1516 937 1582 incommodum
983 1535 1273 1582 accessus
1321 1515 1395 1580 ad
1446 1516 1812 1598 paroeciam,
1861 1520 1925 1582 et
1962 1517 2105 1582 inde
2154 1535 2339 1582 causa
2386 1516 2651 1582 babetur
2680 1515 2978 1581 dismem-

486 1621 819 1686 brationis:
867 1621 930 1684 et
975 1620 1350 1685 unanimiter
1397 1619 1617 1685 docent
1663 1620 1821 1705 quod
1870 1622 1959 1686 sio
2002 1643 2319 1706 maynum,
2370 1620 2430 1687 b.
2477 1640 2529 1689 e.
2572 1619 2733 1704 quod
2766 1619 2980 1685 adsint

482 1727 823 1802 torrenteS,
889 1724 985 1790 vel
1047 1724 1342 1802 flumina,
1407 1724 1636 1808 absque
1700 1725 2017 1808 pontibus,
2083 1727 2179 1792 vel
2245 1725 2376 1791 viae
2433 1725 2807 1809 asperrimae
2853 1728 2975 1792 etc.

485 1831 834 1913 Faqnanus
889 1830 929 1895 l.
974 1848 1026 1894 c.
1070 1851 1135 1897 n.
1185 1834 1310 1909 19‚·
1371 1829 1474 1896 De
1531 1831 1714 1896 Luca
1760 1830 1932 1897 Adn.
2001 1832 2090 1896 ad
2148 1829 2381 1897 Gonc1‘l.
2452 1831 2627 1896 md.
2689 1829 2978 1913 Discept.

482 1940 584 2003 16.
631 1956 697 2001 n.
744 1939 828 2015 2,·
881 1933 1172 2000 Barbosa
1218 1934 1321 2001 De
1375 1933 1495 2015 Off.
1544 1941 1602 2000 et
1645 1934 1786 2002 Pot.
1838 1936 1959 2017 Ep.
2006 1935 2116 2001 all.
2165 1941 2279 2011 68,
2322 1957 2385 2002 n.
2428 1941 2475 2003 2
2490 1958 2511 2015 ‚·
2555 1936 2615 1999 et
2660 1933 2744 2002 H.
2791 1931 2853 2000 S.
2905 1933 2974 2001 O.

480 2037 814 2124 denegavit
857 2038 1434 2104 dimembrationem
1487 2038 1549 2103 in
1602 2040 1835 2106 Lucen.
1900 2058 2008 2105 seu
2054 2040 2404 2108 Saraeanen.
2458 2039 2541 2105 27
2596 2040 2750 2122 sept.
2803 2038 2977 2104 1792

483 2143 631 2207 licet
675 2143 966 2207 adessent
1006 2142 1119 2209 dos
1178 2143 1433 2226 aliaque
1494 2146 1892 2221 necessaria,
1949 2146 2013 2209 et
2090 2145 2224 2210 viae
2298 2145 2504 2210 essent
2577 2142 2667 2208 ita
2728 2144 2979 2209 arduae

484 2254 547 2316 et
585 2268 852 2330 asperae
891 2253 963 2313 ut
1001 2268 1115 2314 nec
1157 2250 1391 2313 missae
1432 2246 1775 2314 secundum
1820 2255 2220 2332 praeceptum
2262 2252 2594 2329 interesse,
2650 2269 2763 2315 nec
2819 2248 2977 2331 fidei

481 2353 840 2418 rudimenta
884 2374 925 2417 a
960 2352 1244 2435 parocho
1287 2354 1561 2435 recipere
1599 2361 1859 2436 possent
1876 2402 1893 2432 ,
1953 2361 2012 2421 et
2068 2354 2305 2439 acyroti
2362 2374 2549 2436 saepe
2608 2352 2972 2419 decederent

478 2457 707 2541 absque
754 2463 1030 2524 extrema
1073 2462 1605 2523 sacramentorum
1651 2459 2045 2540 expiatione.-
2089 2460 2152 2524 et
2191 2458 2253 2522 in
2288 2458 2652 2535 Novariam,
2701 2457 2780 2522 17
2818 2456 2965 2522 maii

481 2561 668 2641 1749,
719 2582 1098 2645 quamquam
1143 2562 1628 2644 derupta-simae
1672 2568 1871 2628 essent
1908 2564 2082 2641 viae,
2130 2564 2220 2628 ita
2263 2569 2330 2627 ut
2374 2563 2442 2628 in
2486 2562 2809 2629 ecclesiam
2850 2584 2967 2644 pa·

475 2666 801 2733 roecialem
855 2667 924 2731 in
979 2673 1184 2732 monte
1233 2668 1540 2749 positam,
1596 2670 1977 2748 praesertim
2035 2667 2295 2733 hiemali
2364 2673 2639 2750 tempore
2660 2715 2679 2750 ‚
2737 2668 2970 2735 nedum

462 2771 659 2853 pueri
701 2777 759 2836 et
778 2790 1002 2846 senes,
1044 2770 1155 2836 sed
1202 2777 1258 2836 et
1296 2772 1548 2838 iuvenes
1591 2770 1972 2838 robustiores
2015 2792 2200 2855 aeyre
2247 2792 2315 2837 se
2362 2773 2645 2855 conferre
2674 2778 2967 2854 possent.-

477 2877 540 2941 et
584 2874 734 2940 alibi
782 2874 1029 2957 pluries.

680 2978 752 3044 In
798 2997 943 3044 casu
998 2980 1201 3044 nostro
1248 2979 1381 3043 viae
1426 2998 1636 3045 omnes
1681 2982 1828 3045 sunt
1867 2980 2178 3063 lapidibus
2239 2981 2506 3059 stratae,
2561 2980 2967 3064 aquaeductis

477 3084 783 3162 munitae,
845 3084 906 3148 et
969 3082 1094 3147 fere
1154 3102 1393 3167 semper
1438 3084 1660 3167 planae
1706 3088 1770 3149 et
1814 3085 2020 3149 currui
2069 3084 2350 3167 perviae,
2415 3085 2775 3167 praesertim
2834 3085 2965 3162 illa,

473 3208 629 3274 quae
689 3189 766 3252 ab
825 3188 1102 3253 Ecclesia
1161 3188 1562 3255 Ecce-Homo
1610 3188 1782 3255 ducit
1823 3188 1899 3254 ad
1947 3188 2319 3266 Matricem,
2374 3207 2650 3272 quaeque
2714 3189 2965 3272 proinde

474 3295 729 3358 vocatur
787 3293 1101 3359 Maestra.
1213 3291 1386 3372 Quod
1457 3295 1668 3359 autem
1738 3312 2157 3378 quaecumque
2226 3292 2565 3357 difficultas
2630 3293 2962 3359 accedendi

473 3398 676 3476 absit,
735 3397 1030 3479 probatur
1090 3415 1160 3460 ex
1228 3415 1298 3462 eo
1355 3398 1517 3480 quod
1582 3416 1945 3464 oeconomus
2004 3395 2360 3480 Spiritualis
2408 3396 2721 3463 Ecclesiae
2766 3397 2965 3466 Ecce-

470 3502 710 3580 Homo,
770 3501 1158 3567 coadiutores
1218 3503 1283 3566 et
1344 3501 1644 3584 capellani
1694 3502 1980 3567 habitant
2039 3501 2104 3567 in
2159 3501 2440 3586 paroecia
2487 3499 2547 3567 S.
2595 3502 2846 3567 Ioannis
2891 3504 2967 3569 B·

468 3610 531 3673 et
573 3608 636 3672 in
682 3607 855 3691 parte
899 3606 1216 3671 remotiori
1259 3606 1334 3670 ab
1386 3606 1662 3672 Ecclesia
1707 3606 2130 3674 Ecce-Homo.
2204 3606 2442 3672 Pariter
2486 3604 2552 3671 id
2597 3608 2847 3672 constat
2892 3627 2962 3672 ex

468 3712 870 3778 relationibus
917 3712 1251 3794 peritorum
1298 3711 1362 3776 et
1409 3730 1481 3776 ex
1539 3711 1689 3794 ipsis
1753 3712 1988 3776 viarum
2035 3711 2552 3796 photoyraphiis,
2617 3730 2771 3795 quas
2836 3712 2956 3777 Pa-

469 3818 691 3884 rochus
736 3815 795 3883 S.
852 3816 1118 3882 loannis.
1171 3816 1240 3883 B.
1289 3815 1526 3881 attulit.
1576 3815 1789 3898 Ipsum
1831 3815 2171 3882 Consilium
2219 3815 2596 3900 Municipale
2637 3816 2958 3882 decretum

467 3921 799 3997 emanavit,
847 3920 1174 4004 prohibens
1223 3938 1294 3983 ne
1341 3919 1617 3987 defuncti
1666 3921 1866 4003 prouti
1915 3940 2045 3986 mos
2086 3923 2239 4000 erat,
2282 3921 2647 3986 afferrentur
2693 3920 2771 3986 ad
2823 3939 2960 3987 ma-

467 4027 684 4092 tricem
732 4028 977 4109 propter
1018 4024 1212 4109 ipsius
1259 4026 1547 4091 matrices
1593 4024 1911 4103 decorem,
1964 4025 2070 4091 sed
2116 4025 2300 4090 iussit
2346 4025 2424 4090 ad
2472 4025 2781 4091 Ecclesiae
2821 4044 2958 4092 suc·

469 4131 739 4197 cursales
784 4129 1007 4199 afferri.
1099 4128 1254 4195 Pars
1309 4128 1444 4215 ipsa
1486 4129 1759 4195 adversa
1804 4131 2075 4197 testatur
2117 4129 2279 4214 quod
2328 4131 2389 4194 in
2441 4129 2793 4195 Parocbiali
2842 4130 2962 4197 Ec-

467 4236 657 4303 clesia
697 4235 758 4302 S.
803 4235 970 4302 Ioan.
1024 4235 1092 4302 Β.
1141 4234 1681 4319 frequentissimus
1727 4237 1824 4301 est
1865 4234 2142 4319 populus.
2212 4234 2295 4299 Et
2337 4234 2697 4299 Auctoritas
2746 4234 2964 4300 Civilis

465 4341 761 4426 imposuit
808 4340 920 4406 hoc
965 4357 1121 4405 anno
1168 4339 1431 4421 parocho
1474 4338 1540 4405 S.
1578 4340 1749 4405 Ioan.
1796 4340 1866 4407 B.
1914 4339 2133 4405 ducere
2181 4339 2592 4422 processiones
2624 4357 2731 4423 per
2762 4343 2961 4406 totam

465 4446 694 4512 Urbem
758 4446 1007 4530 Ragusa
1032 4495 1047 4523 ,
1115 4462 1280 4510 more
1342 4443 1560 4521 solito;
1627 4444 1753 4511 »ad
1811 4446 2048 4512 evitare
2105 4447 2134 4510 i
2187 4444 2527 4511 malamort·
2582 4444 2653 4509 di
2693 4449 2855 4511 ima
2895 4445 2961 4512 la

453 4550 867 4633 popolasione
924 4571 958 4617 e
1008 4551 1038 4615 i
1093 4549 1412 4615 disordim‘
1468 4549 1576 4616 che
1628 4553 1694 4616 si
1750 4555 2139 4629 temevano«,
2199 4551 2270 4614 ut
2329 4549 2438 4615 ait.
2530 4548 2702 4616 Haec
2751 4549 2961 4615 omnia

467 4651 891 4720 demonstrant
953 4673 1072 4720 non
1134 4653 1345 4720 adesse
1404 4653 1597 4719 ullam
1658 4652 2097 4720 difficultatem
2157 4671 2442 4721 accessus
2484 4654 2562 4720 ad
2608 4653 2954 4737 paroeciam

468 4754 530 4819 S.
577 4753 822 4821 Ioannis
873 4760 940 4823 B.
