3303 5013
2684 302 2809 370 681

328 808 447 893 Π.
500 807 1037 892 Kirchliche
1091 803 1705 891 Aktenstiicke
1759 805 1944 889 und
1995 805 2810 908 Entscheldungen.

879 1097 932 1163 1.
993 1096 1330 1182 Elogium
1376 1096 1678 1166 funebre
1721 1097 1977 1168 Leonis
2021 1096 2236 1166 XIII.

534 1235 612 1301 Es
657 1235 742 1300 ist
782 1234 1010 1313 ublich,
1059 1234 1122 1299 in
1170 1234 1271 1301 die
1314 1235 1507 1320 Sarge
1554 1236 1660 1302 der
1689 1238 1917 1320 Papste
1962 1235 2098 1302 eine
2148 1235 2698 1321 Pergameutrolle,
2746 1234 2807 1300 in

321 1339 458 1406 eine
503 1338 939 1423 Metalllrapsel
987 1339 1498 1423 eingeschlosseu,
1545 1360 1619 1406 zu
1667 1341 1868 1426 legen.
1958 1341 2091 1406 Auf
2126 1340 2235 1405 der
2281 1340 2811 1424 Pergamentrolle

320 1443 457 1510 sind
502 1443 605 1509 die
646 1443 1259 1527 hauptsachlichsteu
1310 1444 1510 1510 Daten
1549 1445 1722 1510 ihrer
1769 1433 2125 1530 Regieruug
2169 1444 2658 1530 aufgezeichnet.
2739 1443 2811 1510 lu

319 1549 435 1614 den
486 1547 648 1632 Sarg
691 1548 843 1614 Leos
887 1547 1066 1614 XIII.
1133 1549 1337 1615 wurde
1396 1549 1506 1615 der
1559 1548 2052 1628 nachstehende,
2115 1567 2229 1616 von
2291 1549 2429 1614 dem
2490 1547 2815 1616 Jesuiten-

318 1657 498 1737 pater
542 1653 623 1718 de
668 1652 925 1737 Angelis
972 1653 1270 1719 versasste
1315 1654 1470 1720 'I'ext
1514 1654 2052 1739 eingeschlossen:
2642 1716 2646 1721 .

530 1757 806 1823 Moerore
851 1761 917 1822 et
961 1757 1136 1823 luctu
1174 1757 1465 1825 catholici
1510 1758 1697 1836 orbis,
1741 1758 1839 1826 die
1880 1758 2184 1842 vigesima
2227 1757 2389 1825 Julii
2434 1758 2618 1824 huius
2664 1757 2810 1823 anni

318 1861 639 1928 millesimi
685 1861 1203 1946 noningentesimi
1249 1863 1420 1929 tertii
1462 1863 1613 1929 hora
1654 1868 1792 1948 post
1835 1864 2154 1929 meridiem
2186 1866 2430 1948 quarta,
2478 1863 2602 1929 Leo
2632 1863 2810 1930 XIII.

324 1966 607 2033 Pontifex
649 1965 961 2033 Maximus
1004 1967 1161 2033 obiit
1204 1985 1561 2049 supremum
1606 1967 1791 2035 diem.

528 2069 896 2139 Joachimus
972 2072 1149 2137 Pecci
1219 2073 1391 2138 ortus
1448 2074 1543 2138 est
1614 2072 1679 2136 in
1749 2071 2012 2157 oppiddo
2080 2071 2395 2156 Carpinati
2468 2071 2813 2155 dioeceseos

326 2175 719 2262 Anagninae,
760 2174 951 2241 nobili
998 2175 1149 2256 loco,
1198 2176 1296 2242 die
1333 2176 1603 2242 secunda
1647 2176 1864 2244 Martii
1912 2194 2069 2243 anno
2116 2176 2448 2243 millesimo
2490 2175 2815 2262 octingen-

315 2280 543 2347 tesimo
591 2279 868 2358 decimo;
934 2279 1010 2345 ad
1067 2281 1242 2346 Petri
1300 2279 1518 2347 Sedem
1582 2285 1832 2347 evectus
1881 2284 1977 2347 est
2013 2281 2113 2347 die
2154 2281 2454 2367 vigesima
2495 2281 2815 2348 Februarii

315 2404 478 2452 anno
527 2384 857 2452 millesimo
895 2377 1409 2470 octingentesimo
1453 2386 1917 2471 septuagesimo
1961 2388 2197 2454 octavo.

525 2488 853 2557 Summum
897 2489 1343 2557 Pontificatum
1389 2489 1613 2577 viginti
1656 2490 1927 2576 quinque
1987 2490 2166 2558 anuis
2220 2490 2597 2578 et-quiuque
2635 2510 2802 2558 men·

313 2596 487 2662 sibus
576 2593 905 2680 insigniter
974 2598 1415 2680 prosequutus,
1492 2596 1825 2663 diuturnae
1900 2596 2126 2662 aetatis
2197 2613 2444 2661 cursum
2469 2644 2487 2675 ,
2558 2597 2827 2681 egregia

313 2700 650 2787 grandium
694 2700 998 2767 factorum
1044 2698 1228 2766 laude
1268 2700 1630 2770 cumulavit.
1704 2699 1977 2767 Difficile
2023 2702 2120 2766 est
2165 2701 2421 2786 longum
2469 2699 2602 2766 eius
2645 2699 2815 2767 vitae

314 2824 573 2873 cursum
617 2806 910 2884 retexere,
956 2807 1020 2872 et
1064 2805 1379 2890 praeclara
1415 2825 1576 2890 quae
1617 2804 1819 2890 gessit
1861 2805 2235 2891 singillatim
2279 2823 2612 2873 recensere.

527 2909 978 2976 Humaniorum
1022 2910 1341 2976 literarum
1389 2909 1616 2976 studiis
1662 2909 1908 2994 penitus
1967 2908 2282 2977 addictam
2327 2910 2812 2976 adolescentiam

313 3013 603 3093 deduxit,
649 3032 887 3080 morum
930 3014 1331 3099 integritate,
1377 3015 1631 3099 pietatis
1677 3016 1890 3095 cultu,
1935 3015 2211 3099 profectu
2263 3014 2401 3098 plus
2446 3033 2630 3098 quam
2678 3032 2810 3080 me-

312 3118 510 3186 diocri
557 3117 1071 3186 commendatam.
1166 3119 1396 3185 Exacto
1443 3118 1903 3204 philosophiae,
1950 3119 2339 3205 theologiae,
2386 3118 2660 3203 iurisque
2707 3136 2813 3184 ca·

313 3223 523 3291 uonici
570 3240 772 3301 cursu,
816 3222 1166 3306 laureisque
1211 3222 1496 3301 donatus,
1559 3227 1872 3308 postremo
1915 3224 2017 3290 die
2061 3224 2206 3290 anni
2255 3223 2572 3290 millesimi
2614 3221 2810 3289 octin-

314 3326 650 3414 gentesimi
695 3327 1009 3411 trigesimi
1053 3327 1304 3411 septimi
1344 3327 1687 3396 sacerdotio
1732 3331 2126 3396 consecratus
2146 3378 2163 3409 ,
2224 3347 2290 3394 se
2335 3346 2565 3414 suaque
2609 3326 2815 3394 omnia

315 3434 378 3498 in
427 3431 697 3500 aliorum
740 3432 1052 3499 culturam
1091 3433 1157 3497 et
1191 3432 1526 3499 utilitatem
1559 3433 1907 3502 transtulit.
1954 3435 2119 3500 Nam
2155 3433 2489 3500 Beneventi
2524 3433 2811 3518 primum,

317 3540 540 3622 postea
585 3537 932 3617 Bruxellis,
993 3536 1211 3603 deinde
1271 3537 1561 3604 Perusiae
1621 3539 1778 3604 satis
1843 3538 2129 3605 omnibus
2193 3558 2302 3623 pro
2363 3537 2597 3605 viribus
2643 3537 2814 3618 fecit,

321 3641 715 3728 integerrimi
760 3641 877 3708 viri
923 3659 1145 3708 nomeu
1190 3647 1619 3728 consequutus.

534 3746 634 3812 Ad
680 3746 921 3814 Summi
974 3747 1374 3814 Pontificatus
1420 3747 1745 3833 fastigium
1796 3747 2122 3829 adductus,
2170 3747 2428 3814 adversa
2473 3748 2623 3814 licet
2650 3750 2815 3814 tem·

316 3870 536 3935 porum
581 3851 941 3918 calamitate
958 3899 974 3931 ,
1039 3850 1193 3917 nihil
1263 3870 1383 3919 non
1443 3853 1699 3920 molitus
1748 3855 1844 3918 est-
1861 3900 1877 3932 ,
1929 3853 2003 3917 ut
2061 3852 2374 3918 Ecclesiae
2440 3851 2705 3920 utilitati
2752 3853 2816 3917 et

313 3955 550 4042 fulgori
595 3956 993 4042 prospiceret.

526 4061 616 4127 Ut
674 4059 1035 4128 summatim
1099 4061 1449 4128 recolantur
1502 4079 1664 4147 quae
1727 4062 2011 4129 universo
2072 4061 2380 4128 catholico
2439 4061 2574 4128 orbi
2636 4079 2805 4128 com-

315 4165 671 4249 pertissima
715 4167 881 4244 sunt,
928 4166 1142 4245 enitet,
1185 4166 1451 4249 primum
1484 4168 1615 4232 eius
1646 4167 1871 4252 pietas,
1919 4185 2041 4250 qua
2072 4166 2391 4250 religionis
2430 4167 2814 4233 incrementa

316 4268 595 4351 curavit,
656 4271 964 4356 decusque
1007 4273 1306 4351 asseruit,
1373 4272 1486 4336 Dei
1533 4271 1836 4356 gloriam,
1900 4271 2132 4338 Beatae
2182 4271 2461 4357 Virginis
2507 4272 2811 4357 Deiparae

317 4372 624 4454 honorem,
672 4379 1027 4444 sanctorum
1075 4375 1371 4442 caelitum
1412 4376 1650 4443 cultum
1699 4376 1997 4460 provexit,
2047 4376 2269 4443 Literis
2310 4376 2388 4441 ad
2426 4376 2812 4443 Christianos

325 4478 669 4564 Principes,
717 4480 796 4545 ad
841 4481 1075 4546 clerum
1121 4484 1186 4546 et
1232 4482 1522 4565 populum
1565 4480 1904 4546 identidem
1946 4481 2190 4559 missis,
2256 4499 2490 4546 errores
2558 4480 2617 4544 iu
2682 4479 2815 4547 dies

318 4583 715 4665 perniciosius
769 4586 1128 4669 ingruentes
1170 4584 1432 4664 detexIt,
1486 4588 1698 4652 sancte
1736 4583 2035 4666 docteque
2082 4585 2390 4668 protrivit.
2483 4583 2662 4650 Nihil
2709 4584 2808 4652 sui

320 4705 554 4757 memor
595 4708 780 4775 parce
825 4690 1153 4771 victitans,
1201 4691 1487 4756 omuibus
1531 4690 1744 4758 emula
1787 4688 2026 4767 factus,
2078 4689 2191 4756 hoc
2237 4708 2426 4756 unuru
2472 4688 2592 4755 sibi
2632 4708 2810 4775 prae-
