3303 5013
1152 351 1287 407 und
1326 351 1878 422 Entscheidunqaen.
2636 339 2758 405 119

268 525 332 589 6.
398 522 656 607 Elnlge
700 523 990 592 Zwelfel
1038 524 1408 609 bezfigllch
1453 525 1581 593 der
1634 526 2205 610 {interpretation
2251 529 2372 597 des
2416 530 2763 598 Dekretes

268 630 652 712 Pei-pensis
699 631 1097 713 temporum
1128 631 1174 714 ¹)
1224 630 1619 697 betreffend
1668 631 1782 699 die
1826 631 1956 699 den
2007 633 2429 700 felerlichen
2477 651 2758 701 vorans·

834 734 1395 802 zuschickenden
1441 735 1815 803 einfachen
1862 734 2199 805 Gelnbde.

941 888 1019 955 (S.
1056 888 1114 945 C.
1152 906 1268 960 epp.
1303 893 1360 945 et
1396 907 1509 960 reg.
1546 906 1596 945 v.
1631 891 1714 945 28.
1753 891 1870 947 Juli
1908 892 2081 960 1902.)

472 1045 631 1110 Cum
673 1045 1005 1130 applicatio
1054 1047 1299 1112 Decreti
1367 1047 1712 1131 Perpensis
1755 1055 2102 1132 temporum
2144 1051 2472 1118 adiunctis
2516 1073 2551 1117 a
2596 1053 2752 1118 Con·
2819 1051 2828 1062 ”

259 1152 626 1235 gregatione
720 1152 1149 1234 Episcoporum
1242 1157 1306 1217 et
1391 1154 1828 1236 Regularum,
1900 1155 2413 1237 opportunissimo
2482 1157 2756 1232 consilio,

260 1274 454 1338 nuper
500 1255 674 1330 editi,
722 1256 1029 1320 nonnullis
1068 1256 1274 1322 dubiis
1309 1258 1588 1323 videatur
1619 1258 1898 1335 obnoxia,
1948 1259 2375 1342 infrascriptus
2409 1260 2756 1328 Cardinalis

257 1359 781 1442 Archiepiscopus
832 1359 1159 1427 Bononien.
1208 1381 1315 1443 pro
1364 1361 1442 1426 iis
1488 1361 1871 1440 dirimendis,
1921 1361 1996 1427 ad
2047 1363 2341 1428 Eamdem
2385 1362 2444 1429 S.
2480 1364 2752 1449 Congre-

256 1465 609 1548 gationem,
674 1463 938 1528 maximo
981 1483 1120 1530 cum
1166 1465 1458 1549 obsequio
1506 1466 1786 1543 recurrit,
1834 1468 1898 1532 et
1942 1467 2363 1532 authenticam
2414 1470 2752 1552 responsio-

258 1587 396 1635 nem
445 1567 738 1650 exposcit.

1293 1656 1353 1721 Ι.
1406 1658 1718 1738 Quaestio.

464 1793 798 1876 Quaelibet
841 1793 1142 1861 Instituta
1188 1795 1547 1860 monialium
1598 1796 1828 1861 habent
1870 1796 2314 1862 caeremoniale
2360 1817 2466 1861 seu
2500 1799 2744 1876 rituale,

255 1919 361 1980 pro
410 1897 815 1964 admittendis
883 1900 1131 1965 novitiis
1192 1900 1269 1965 ad
1335 1899 1691 1983 religiosam
1756 1901 2209 1983 professionem.
2308 1902 2506 1966 Ritus'
2534 1907 2743 1967 autem

257 2003 674 2086 praescriptus
720 2005 1062 2086 generatim
1111 2004 1330 2069 unicus
1375 2006 1507 2082 est,
1573 2023 1711 2069 cum
1768 2005 1951 2072 unica
1995 2005 2119 2071 fere
2166 2005 2424 2089 ubique,
2485 2005 2748 2072 antehac

253 2106 530 2171 extiterit
575 2108 886 2188 professio.
975 2109 1121 2175 Jam
1168 2108 1507 2193 quaeritur,
1570 2112 1778 2176 utrum
1842 2108 1950 2173 ille
1995 2108 2152 2173 ritus
2197 2109 2530 2174 servandus
2572 2109 2745 2174 ‹lein-

254 2229 395 2292 ceps
453 2210 576 2275 erit
634 2228 742 2294 pro
805 2213 1002 2296 prima
1062 2215 1171 2278 aut
1231 2231 1339 2297 pro
1400 2214 1672 2279 secunda
1734 2215 1844 2278 aut
1887 2232 1993 2297 pro
2042 2218 2305 2297 utraque
2346 2214 2739 2298 professione.

254 2313 426 2395 Quod
474 2314 527 2379 si
575 2314 795 2399 duplex
843 2316 1001 2383 ratio
1046 2336 1285 2382 sacram
1329 2317 1708 2383 functionem
1755 2316 2125 2398 celebrandi,
2173 2317 2459 2402 deinceps
2499 2320 2617 2385 erit
2644 2318 2739 2384 in-

253 2417 568 2494 ducenda,
635 2439 739 2502 pro
802 2420 1034 2504 duplici
1082 2440 1296 2504 nempe
1343 2422 1716 2505 professione
1765 2426 2042 2488 votorum
2091 2422 2476 2505 Simplicium
2525 2425 2588 2487 et
2635 2443 2742 2488 vo-

251 2526 452 2588 torum
528 2522 942 2601 Solemnium,
1032 2527 1416 2610 spectabitne
1485 2526 1563 2591 ad
1640 2527 1971 2611 Episcopos
2038 2529 2178 2609 (aut
2239 2528 2317 2593 ad
2382 2529 2735 2611 Superiores

254 2625 586 2693 Gener-ales
652 2629 853 2712 quoad
921 2630 1292 2696 monasteria
1362 2634 1674 2716 exempta)
1760 2631 2174 2696 coeremonias
2260 2632 2595 2697 servandas
2670 2634 2732 2696 et

254 2729 577 2796 formulam
642 2751 678 2797 a
738 2732 1170 2815 profitentibus
1229 2735 1684 2818 exprimendam
1731 2734 2186 2802 determinare?
2272 2736 2593 2817 Quatenus
2637 2737 2739 2817 af·

248 2837 579 2918 firmative,
623 2857 925 2923 quaenam
972 2839 1032 2903 in
1082 2839 1249 2922 praxi
1296 2839 1415 2905 erit
1461 2858 1675 2904 norma
1723 2839 2067 2922 generatim
2121 2839 2479 2923 sequenda?
2569 2839 2733 2922 Qua-

251 2944 425 3008 tenus
471 2945 753 3026 neyative
797 2944 1242 3011 coeremoniale
1284 2963 1390 3008 seu
1434 2945 1667 3011 rituale
1726 2944 1923 3009 eritne
1983 2944 2440 3026 impetrandum
2489 2944 2566 3010 ab
2612 2944 2735 3008 ista

251 3044 309 3112 S.
357 3046 853 3132 congregatione
897 3051 1008 3114 aut
1054 3068 1091 3113 a
1136 3048 1627 3134 Congregatione
1672 3049 1998 3116 Sacrorum
2045 3049 2355 3116 Rituum?

1257 3225 1354 3292 II.
1404 3226 1715 3307 Quaestio,

457 3361 528 3426 ln
569 3381 825 3429 numero
871 3363 1028 3430 VIII
1077 3364 1319 3430 Decreti
1366 3366 1824 3449 recognoscitur
1854 3364 2196 3449 capitulum
2229 3362 2589 3429 monialium
2622 3379 2731 3446 pro

245 3463 643 3532 admittendis
688 3467 765 3532 ad
813 3468 1251 3550 professionem
1293 3469 1640 3536 Solemnem
1688 3470 1852 3548 illis,
1913 3488 2072 3554 quae
2123 3487 2390 3553 congruo
2453 3469 2727 3551 tempore

249 3568 309 3633 in
354 3570 726 3653 professione
772 3575 1049 3639 votorum
1101 3573 1486 3658 Simplicium
1550 3577 2036 3659 permanserunt.
2131 3575 2317 3639 Porro
2376 3571 2723 3637 huiusmodi

248 3674 585 3758 capitulum
652 3677 849 3744 eritne
911 3680 1250 3746 necessario
1312 3679 1662 3746 faciendum
1726 3679 1851 3746 illis
1913 3680 1976 3745 in
2041 3676 2604 3744 Communitatibus
2662 3675 2727 3740 in

248 3778 464 3861 quibus
511 3779 585 3845 de
626 3783 1080 3865 acceptatione,
1147 3784 1221 3850 de
1281 3784 1606 3850 vestitione
1657 3788 1722 3851 et
1776 3785 1851 3851 de
1913 3783 2285 3868 professione
2331 3782 2724 3847 alumnarum

247 3883 668 3964 capitulariter
712 3885 970 3969 agitur?
1058 3888 1232 3971 Quod
1279 3889 1332 3956 si
1377 3888 1510 3955 fieri
1566 3889 1849 3955 absolute
1909 3889 2164 3964 debeat,
2223 3885 2571 3952 sufficietne
2617 3904 2724 3968 pro

246 3986 448 4071 aliqua
501 4008 540 4053 a
600 3989 971 4074 professione
1016 3992 1390 4059 excludenda
1460 3994 1623 4078 quod
1691 3994 1986 4059 moniales
2055 3990 2426 4076 capitulares
2489 3990 2724 4054 secreto

246 4092 536 4177 suffragia
581 4095 892 4161 contraria
936 4097 1286 4174 conferant,
1347 4100 1456 4163 aut
1514 4117 1761 4164 necesse
1802 4099 1923 4163 erit
1967 4098 2038 4163 ut
2081 4096 2394 4182 quaelibet
2442 4093 2724 4163 monialis

244 4196 516 4281 suffragii
564 4199 859 4264 contrarii
909 4201 1206 4267 rationem
1247 4222 1524 4287 expresse
1569 4203 1863 4283 declaret,
1918 4201 2268 4286 exponendo
2311 4220 2529 4284 nempe
2569 4221 2722 4282 yra-

243 4321 340 4367 ves
381 4322 613 4370 causas
658 4325 816 4386 quae
861 4306 1290 4374 dimissionem
1331 4309 1599 4374 suadere
1645 4328 1752 4374 seu
1784 4310 2032 4393 exiqere
2058 4308 2416 4383 videantur,
2455 4304 2516 4371 S.
2546 4303 2720 4369 Sedis

244 4403 462 4472 iudicio
504 4407 970 4474 subiiciendas?
1059 4411 1241 4476 Ratio
1301 4411 1625 4478 dubitandi
1688 4432 1758 4477 ex
1815 4431 1886 4477 eo
1943 4412 2171 4488 oritur,
2240 4411 2396 4494 quod
2471 4411 2722 4492 peracta

247 4509 607 4588 professione
653 4512 939 4595 simplici,
984 4513 1409 4582 Communitas
1455 4517 1746 4601 religiosa
1788 4534 1908 4581 non
1955 4522 2051 4583 est
2094 4515 2364 4598 amplius
2393 4514 2589 4580 libera
2620 4531 2714 4579 re-

444 4724 495 4794 1)
534 4724 696 4780 Siehe
732 4723 893 4779 Arch.
930 4724 1030 4785 Bd.
1062 4727 1132 4785 82
1169 4728 1368 4799 (1902),
1400 4728 1455 4787 S.
1490 4729 1612 4793 541.
