3303 5013
1222 327 1357 380 und
1390 325 1954 395 Entocbeidunqen·
2708 308 2838 375 503

344 493 440 563 12.
523 496 668 563 Der
726 494 1099 565 Gelu-auch
1116 547 1133 576 ,
1199 516 1318 564 am
1381 494 2021 581 Grnnoonnerstsg
2084 498 2164 565 in
2224 497 2352 565 der
2409 496 2838 569 char-roche

536 599 793 668 Bilder
836 620 964 668 zur
1003 601 1428 686 Verehrung
1470 602 1976 685 auszustellen,
2022 603 2126 670 ist
2170 602 2627 671 verwerflich.

556 738 867 805 Hodierno
910 740 1460 825 Archipreshytero
1490 741 1756 824 parocho
1786 740 2101 806 Ecclesiae
2133 739 2194 806 S.
2227 740 2479 807 Ioannis
2515 742 2836 825 Baptistae

340 843 405 909 in
451 844 670 927 oppido
717 844 1059 912 Macchio
1105 848 1455 927 nuncupato
1503 844 1863 910 Dioeceseos
1907 842 2121 910 Sancti
2166 845 2417 910 Miniati
2450 845 2834 929 postulanti:

342 950 438 1014 An
484 966 605 1012 non
652 947 938 1014 obstante
984 948 1228 1014 decreto
1278 949 1438 1014 R.mi
1483 948 1770 1032 Episcopi
1819 947 1880 1013 S.
1930 948 2176 1014 Miniati
2215 949 2316 1014 die
2366 948 2464 1014 19.
2510 949 2832 1015 Februarii

343 1052 645 1117 vertentis
687 1053 829 1117 anni
887 1052 1055 1118 1903
1100 1053 1287 1130 edito,
1327 1053 1577 1118 tolerari
1617 1053 1814 1135 possit
1860 1058 1928 1117 ut
1973 1053 2182 1136 imago
2226 1072 2334 1117 seu
2363 1053 2603 1137 effigies
2633 1052 2830 1121 SS.mi

341 1155 773 1238 Redemptoris
835 1155 1180 1235 demortui,
1246 1158 1341 1222 vel
1406 1157 1707 1241 Deiparae
1763 1156 2045 1243 Virginis
2106 1155 2491 1222 Perdolentis
2535 1158 2601 1222 in
2647 1158 2836 1223 altari

341 1263 629 1344 separato
683 1261 760 1326 ab
807 1260 917 1328 illo
962 1261 1028 1327 in
1072 1280 1191 1345 quo
1236 1259 1514 1327 SS.mum
1563 1260 1994 1326 Eucharistiae
2037 1259 2504 1327 Sacramentum
2554 1261 2737 1328 Feria
2783 1262 2834 1326 V

341 1364 404 1429 in
470 1364 674 1432 Coena
738 1364 984 1431 Domini
1045 1365 1288 1449 publice
1358 1365 1702 1449 expositum
1771 1371 2014 1443 manet,
2087 1365 2464 1431 venerationi
2526 1366 2835 1432 Fidelium

343 1468 561 1535 eadem
605 1467 789 1534 Feria
834 1469 1242 1535 exhibeatur?

551 1571 740 1638 Sacra
786 1573 1045 1639 Rituum
1094 1572 1531 1657 congregatio,
1581 1573 1887 1638 referente
1931 1571 2277 1656 subscripto
2317 1572 2681 1653 Secretario,
2725 1592 2829 1639 ex-

340 1676 577 1760 quisita
620 1677 809 1742 etiam
851 1676 1160 1743 sententia
1222 1676 1685 1744 commissionis
1745 1676 2103 1761 Liturgicae
2158 1677 2647 1761 respondendum
2694 1696 2835 1743 cen·
2928 1722 2933 1733 .

339 1779 505 1846 snit:
553 1781 861 1867 Negative
907 1787 973 1848 et
1021 1786 1301 1848 servetur
1347 1781 1681 1847 Decretum
1729 1782 2109 1866 Episcopale.

552 1886 760 1971 Atque
805 1887 898 1952 ita
942 1886 1263 1971 rescripsit
1307 1878 1407 1952 die
1453 1888 1555 1952 27.
1603 1886 1823 1952 Martii
1875 1887 2063 1954 1903.

1128 1991 1215 2063 D.
1265 1990 1446 2057 Card.
1494 1992 1792 2069 Ferrata,
1838 1991 2040 2057 Praef.

544 2093 613 2160 L.
658 2095 702 2177 †
744 2092 805 2162 S.
1228 2095 1313 2161 D.
1368 2095 1621 2174 Punici,
1666 2096 1960 2179 Archiep.
2005 2095 2354 2175 Laodicen„
2399 2094 2636 2162 Secret.

669 2353 770 2423 13.
825 2354 1233 2425 GemIschte
1272 2354 1772 2441 Gesangchore
1815 2357 1933 2426 bei
1979 2357 2499 2427 Hochltmtern.

552 2494 688 2561 Wir
732 2496 929 2582 geben
976 2496 1262 2582 folgende
1293 2497 1764 2584 Entscheidung
1797 2497 1903 2564 der
1940 2495 2602 2581 Ritenkongregation,
2637 2492 2832 2560 durch

335 2599 436 2666 die
495 2600 605 2666 der
664 2600 914 2686 Gesang
974 2620 1103 2686 sog.
1168 2602 1550 2686 gemischter
1601 2602 1801 2668 Chore
1862 2602 1959 2666 bei
2020 2602 2217 2667 einem
2280 2598 2666 2676 Hocbamte,
2723 2597 2837 2663 wie

340 2704 552 2770 solcbe
615 2706 772 2770 auch
833 2705 897 2770 in
944 2704 1366 2770 Deutschland
1417 2704 1681 2771 vielfach
1732 2704 2048 2781 besteben,
2096 2705 2386 2770 verboten
2433 2702 2584 2767 wird
2630 2699 2836 2788 (smos

337 2808 593 2874 tolerari
651 2829 771 2873 non
830 2810 1140 2891 potest‹),
1198 2808 1336 2874 dem
1405 2808 1756 2874 Wortlaute
1817 2810 1975 2874 nach
2035 2807 2291 2887 wieder,
2356 2807 2624 2891 glauben
2685 2807 2833 2893 aber

338 2910 549 2987 nicht,
610 2909 754 2974 dass
817 2910 1018 2975 damit
1074 2911 1519 2977 ohneweiteres
1564 2911 1665 2976 die
1708 2912 1879 2977 alten
1923 2910 2403 2977 Gewohnheiten
2452 2909 2697 2977 uberall
2735 2909 2832 2975 als

336 3014 679 3098 reprobiert
721 3035 794 3079 zu
840 3014 1207 3081 betrachten
1256 3016 1415 3094 sind,
1463 3016 1543 3081 da
1588 3015 1699 3080 der
1743 3015 2022 3081 Konsens
2068 3016 2175 3080 des
2221 3016 2304 3082 hl.
2340 3016 2564 3081 Vaters
2604 3015 2703 3080 {dr
2733 3005 2832 3080 die

335 3117 808 3204 Entscheidung
853 3118 1030 3184 nicht
1075 3120 1355 3188 erwahnt
1408 3119 1555 3184 wird
1614 3119 1736 3184 und
1802 3140 1915 3184 nur
1972 3119 2073 3185 die
2129 3118 2833 3205 Konzilskongregation

335 3243 409 3290 ex
452 3242 517 3288 se
562 3223 660 3288 die
706 3222 947 3289 Gewalt
991 3224 1138 3305 hat,
1205 3223 1580 3290 bestehende
1638 3223 2120 3289 Gewohnheiten
2167 3223 2533 3291 autoritativ
2578 3243 2652 3288 zu
2699 3241 2833 3289 ver·

333 3328 567 3394 bieten.

540 3432 674 3513 Quo
716 3431 908 3497 divini
955 3432 1161 3498 cultus
1205 3431 1414 3499 decori
1457 3434 1866 3517 prospiciatur
1909 3436 1973 3499 et
2016 3453 2226 3500 sacrae
2269 3432 2616 3499 functiones
2667 3431 2834 3496 recte

333 3554 406 3602 ac
454 3536 574 3601 rite
622 3540 1008 3621 peragantur
1054 3538 1118 3601 in
1165 3536 1439 3602 Dioecesi
1487 3537 1803 3614 Plocensi,
1859 3537 2190 3602 hodiernus
2239 3537 2452 3603 R.mus
2497 3535 2836 3618 Episcopus

333 3639 607 3706 eiusdem
660 3639 994 3717 Dioecesis‚
1042 3639 1368 3706 Sacrorum
1424 3640 1679 3706 Ritunm
1727 3640 2206 3726 congregationi
2254 3661 2325 3705 ea
2368 3659 2524 3725 qnae
2565 3657 2831 3723 sequun-

331 3745 470 3824 tur,
531 3764 639 3829 pro
693 3748 1045 3829 opportuna
1102 3744 1556 3822 declaratione,
1618 3745 1944 3810 humiliter
1989 3746 2303 3829 exposuit,
2363 3745 2695 3809 nimirum:
2756 3743 2831 3809 Iu

339 3847 613 3915 Dioecesi
668 3848 983 3924 Plocensi,
1044 3848 1209 3914 sicut
1252 3850 1315 3913 in
1364 3848 1505 3914 aliis
1554 3849 1847 3914 Poloniae
1901 3848 2293 3915 Dioecesihus
2355 3849 2525 3915 extat
2583 3866 2717 3913 mos
2762 3850 2836 3913 ut

333 3952 397 4018 in
445 3952 652 4018 missis
698 3952 1116 4030 solemnibus,
1182 3952 1550 4035 praesertim
1614 3952 1832 4018 diebus
1892 3972 1998 4037 per
2061 3971 2288 4018 annum
2346 3952 2835 4030 solemnioribus,

334 4061 563 4122 canant
626 4057 891 4136 Gloria,
957 4058 1289 4124 Graduale
1311 4108 1326 4137 ‚
1394 4057 1599 4124 Credo
1620 4106 1637 4134 ,
1702 4059 1766 4123 et
1810 4057 1874 4123 in
1913 4058 2099 4124 choro
2150 4076 2332 4141 super
2377 4058 2670 4123 maiorem
2716 4057 2835 4122 Ec-

333 4162 557 4227 clesiae
612 4164 847 4244 portam
871 4208 889 4238 ,
956 4161 1059 4225 ubi
1115 4181 1416 4245 organum
1480 4164 1611 4237 est,
1683 4162 2057 4241 constituto,
2129 4161 2417 4227 mulieres
2457 4180 2529 4227 ac
2573 4159 2834 4244 puellae,

335 4266 464 4332 sive
502 4265 671 4332 solae
713 4266 884 4347 ipsae
926 4284 1067 4330 cum
1113 4265 1457 4349 organista,
1504 4265 1635 4330 sive
1683 4265 2011 4331 iuvenibus
2056 4269 2121 4332 et
2164 4266 2311 4330 viris
2343 4266 2723 4341 coniunctae,
2771 4264 2835 4327 in

334 4369 558 4455 quibus
602 4374 924 4435 cantorum
978 4368 1180 4433 choris
1242 4370 1452 4434 mixtis
1515 4387 1722 4435 vocem
1784 4390 2060 4453 soprano
2122 4374 2505 4453 exequuntur
2564 4366 2829 4450 puellae.

334 4474 538 4557 Quum
604 4472 954 4538 huiusmodi
1021 4490 1250 4537 morem
1302 4471 1605 4557 quaedam
1657 4473 2095 4556 Ephemerides
2136 4473 2450 4557 polonicae
2495 4470 2834 4536 defendant

335 4580 551 4642 contra
587 4576 797 4661 plures
843 4576 1325 4659 Archaeologiae
1388 4579 1451 4643 et
1497 4577 1819 4660 Liturgiae
1869 4578 2135 4643 cultores
2198 4578 2302 4660 qui
2362 4575 2538 4639 illum
2599 4575 2831 4659 impro-

337 4681 511 4760 bant,
557 4679 910 4764 quaeritur:
