3303 5013
511 225 640 301 272
1358 242 1708 308 Ita-eminae
1749 240 2152 306 Aktemmcke

511 424 971 505 satisfaciendi,
1036 423 1282 489 videtur
1338 423 1554 489 adesse
1607 441 1796 489 causa
1844 422 2010 489 iusta
2056 425 2127 487 ut
2172 421 2332 488 Emi
2373 421 2659 507 Episcopi
2717 418 3009 506 petitioni

511 532 845 595 annuatur.

722 632 1000 700 Tandem
1068 634 1347 718 iniquum
1425 633 1738 699 videretur
1821 633 2103 717 parochis
2190 634 2403 699 invitis
2478 637 2692 702 contra
2762 634 3008 719 praxim

513 738 828 822 bucusque
889 737 1280 808 observatam
1342 756 1501 823 quae
1562 738 1814 822 plurimi
1875 738 2159 804 facienda
2220 742 2317 805 est
2362 739 2455 803 uti
2497 740 2731 824 optima
2778 741 3011 805 mentis

512 842 860 908 fundatoris
899 843 1223 927 interpres,
1279 844 1548 929 (Lotter.
1595 844 1675 910 de
1717 865 1790 909 re
1831 842 2030 926 benef.
2078 843 2119 909 l.
2168 849 2225 909 7.
2276 864 2334 927 q.
2383 850 2466 911 11
2505 865 2572 913 n.
2617 847 2793 924 125;
2834 845 3012 912 Rota

513 947 704 1014 decis.
752 952 840 1015 62
880 970 945 1014 n.
991 953 1036 1013 3
1065 953 1240 1032 part.
1290 947 1408 1031 10)
1470 966 1698 1013 novum
1764 967 1917 1014 onus
1981 949 2293 1031 imponere
2360 948 2592 1014 dictam
2661 948 3010 1032 portionem

510 1051 801 1129 solvendi,
864 1053 941 1118 ob
1000 1051 1431 1136 impotentiam
1498 1052 1852 1118 celebrandi
1915 1052 2139 1118 missas
2199 1052 2491 1120 fundatas
2543 1052 2673 1119 sive
2715 1054 2780 1119 in
2825 1053 3011 1120 festis

511 1156 728 1222 diebus
774 1157 836 1221 in
884 1156 1107 1241 quibus
1152 1176 1262 1240 pro
1310 1157 1534 1241 populo
1578 1157 1700 1223 sibi
1753 1156 2102 1223 concredito
2162 1157 2378 1224 offerre
2439 1157 2698 1238 debent,
2755 1158 2884 1224 sive
2942 1159 3005 1222 in

514 1280 848 1346 pauperum
898 1261 1213 1327 funeribus
1239 1311 1253 1340 ,
1318 1260 1580 1345 aliisque
1625 1261 2129 1328 solemnitatibus
2173 1282 2332 1346 quae
2375 1262 2561 1328 aliter
2604 1281 2743 1328 cum
2791 1264 3007 1347 populi

510 1365 804 1432 scandalo
851 1365 1053 1432 forsan
1095 1384 1212 1432 non
1253 1366 1732 1445 celebrarentur,
1772 1369 1902 1433 sive
1933 1368 2010 1433 ob
2042 1366 2229 1432 aliam
2261 1367 2696 1434 rationabilem
2728 1386 3004 1447 causam,

510 1489 629 1536 non
686 1490 757 1537 ex
803 1470 1102 1536 desiderio
1163 1470 1508 1556 pinguioris
1568 1470 1862 1555 stipendii
1923 1474 1995 1537 ut
2061 1474 2266 1556 patet,
2331 1475 2834 1555 promanantem,
2895 1473 3005 1537 sed

515 1575 719 1658 potius
765 1593 835 1641 ex
874 1575 1136 1659 penuria
1180 1575 1591 1656 sacerdotum,
1639 1578 1705 1643 et
1743 1595 1813 1642 ex
1858 1576 2098 1660 proprio
2143 1576 2363 1642 officio.

718 1679 924 1761 Quare
968 1680 1024 1746 si
1069 1679 1427 1745 fundatores
1471 1679 1533 1744 id
1581 1679 2067 1763 praevidissent,
2129 1680 2314 1746 aliter
2372 1680 2448 1746 de
2495 1699 2607 1747 sua
2650 1680 3006 1746 substantia

510 1782 976 1869 disposuissent,
1024 1783 1425 1851 Reiffenstuel
1468 1784 1572 1852 Dc
1615 1790 1856 1852 testam.
1901 1806 1967 1851 n.
2015 1789 2166 1862 804,
2213 1785 2276 1849 et
2310 1782 2368 1851 S.
2407 1785 2485 1853 H.
2520 1785 2586 1851 C.
2620 1785 2680 1849 in
2713 1785 3001 1865 Sutrivza,

516 1888 763 1956 Transl.
806 1895 910 1956 10.
956 1889 1123 1973 Sept.
1168 1893 1363 1957 1803.
1460 1888 1623 1954 Hinc
1669 1889 1879 1956 valida
1923 1890 2346 1956 concedendae
2394 1889 2638 1973 gratiae
2698 1909 2887 1955 causa
2931 1910 3004 1956 ex

513 1994 909 2076 praesumpta
953 1994 1152 2059 oritur
1195 1993 1541 2059 fundatoris
1586 1994 1927 2059 voluntate.

718 2097 908 2163 Hisce
953 2097 1097 2163 hinc
1141 2098 1284 2163 inde
1328 2116 1435 2182 pro
1484 2117 1619 2163 meo
1669 2117 1921 2163 munere
1964 2097 2445 2176 animadversis,
2512 2097 2831 2181 Sapientia
2879 2099 3003 2166 En.

512 2202 636 2269 ΡΡ.
683 2201 1055 2268 deliberabit
1100 2222 1179 2268 an
1225 2201 1394 2267 locus
1447 2202 1532 2266 sit
1575 2203 2011 2267 condonationi
2066 2205 2174 2269 aut
2228 2202 2447 2285 cuique
2494 2202 2602 2267 alii
2649 2203 3003 2286 provisioni.

723 2304 927 2388 Quare
974 2310 1091 2373 etc.

722 2412 883 2479 Emi
916 2411 1134 2478 Patres
1166 2411 1650 2495 rescripserunt:
1688 2411 1962 2478 Praevia
1991 2413 2324 2479 sanatione
2352 2413 2560 2495 quoad
2583 2413 3002 2493 praeteritum

504 2539 633 2602 pro
671 2518 971 2601 facultate
1014 2519 1199 2584 iuxta
1235 2519 1453 2600 petita,
1497 2525 1556 2584 et
1600 2519 1687 2584 ad
1730 2525 2011 2585 mentem.

510 2863 578 2929 9.
661 2858 1491 2943 Gesohafts-Anweisung
1550 2857 1675 2924 fiir
1733 2857 1849 2926 dle
1915 2858 2421 2927 katholischen
2481 2858 3004 2928 KIrchen·Vor-

512 2965 764 3034 stando
822 2964 964 3032 und
1025 2963 1963 3047 Gemoinde-Vertrotungon
2023 2964 2100 3030 in
2153 2962 2281 3031 der
2334 2961 2623 3032 Bliizese
2686 2965 3008 3034 munster

1312 3088 1472 3137 vom
1518 3068 1619 3136 15.
1666 3070 1945 3153 August
1990 3067 2186 3138 1902.

721 3227 814 3293 Im
863 3227 1349 3293 Eiuveruehmen
1401 3227 1516 3292 mit
1560 3226 1680 3291 den
1734 3226 1972 3292 Herren
2013 3224 2574 3311 Oberprasidenteu
2606 3227 2714 3292 der
2745 3227 3003 3293 Ptoviuz

525 3331 861 3397 Westfalen
911 3332 1034 3396 und
1081 3330 1187 3395 der
1227 3330 1676 3414 Rbeinprovinz
1722 3330 1939 3397 erteile
1979 3330 2080 3395 ich
2130 3330 2455 3396 hierdurcb
2503 3330 2610 3397 auf
2646 3331 2862 3397 Grund
2897 3331 3004 3397 der

513 3437 592 3521 §g
639 3437 722 3501 42
772 3436 895 3500 und
934 3435 1022 3500 44
1066 3435 1173 3499 des
1211 3434 1505 3501 Gesetzes
1552 3452 1690 3499 vom
1734 3435 1836 3500 20.
1872 3433 2231 3501 Juni1875
2277 3435 2376 3499 fur
2422 3434 2521 3501 die
2568 3435 2998 3502 katholiscbeu

516 3540 1115 3607 Kircbenvorstaude
1161 3540 1283 3604 und
1325 3539 2111 3624 Gemeindevertretungen
2158 3541 2223 3604 in
2272 3539 2379 3605 der
2421 3539 2678 3606 Diozese
2718 3540 2999 3606 Mfiuster

514 3645 613 3711 die
656 3645 1102 3731 uachiolgende
1149 3644 1861 3729 Gescbastsauweisung.

1166 3801 1217 3870 1.
1284 3800 1720 3890 Allgemeine
1769 3800 2350 3889 Bestimmungen

763 3916 864 4001 (zu
910 3916 1027 3982 den
1070 3918 1148 4002 ἐξ
1198 3916 1470 3995 13-19,
1518 3917 1797 3995 22-24,
1846 3919 1927 3983 31
1978 3918 2097 3981 und
2146 3917 2229 3981 33
2278 3916 2386 3980 des
2425 3914 2762 3999 Gesetzes).

1586 4056 1836 4124 Artikel
1878 4058 1936 4123 1.

1229 4190 1623 4245 fflnktionen
1661 4192 1768 4245 des
1816 4188 2275 4243 Vorsitzcnden.

724 4303 846 4370 Der
911 4301 1310 4369 Vorsitzeude
1371 4302 1478 4368 des
1524 4299 2165 4368 Kircbenvorstandes
2227 4299 2407 4366 bezw.
2475 4299 2582 4364 der
2630 4298 2994 4364 Gemeiude-

514 4409 874 4493 vertretuug
933 4407 1046 4472 hat
1099 4407 1161 4472 in
1223 4405 1338 4472 deu
1399 4406 1739 4493 Sitzungen
1802 4406 1902 4471 die
1970 4403 2416 4488 Verbandlung
2478 4423 2552 4468 zu
2611 4402 2837 4480 leiten,
2901 4402 2999 4468 die

514 4513 920 4598 Reibenfolge
949 4512 1058 4578 der
1087 4510 1867 4597 Beratungsgegenstaude
1916 4510 2040 4577 und
2082 4510 2190 4575 der
2222 4508 2746 4593 Abstimmungen
2788 4526 2863 4572 zu
2895 4506 3000 4572 be-

514 4617 834 4698 stimmeu,
881 4617 981 4683 fur
1024 4617 1125 4682 die
1166 4617 1762 4701 Protokollfdhrung
1809 4615 2003 4681 durch
2049 4614 2146 4680 ein
2196 4612 2490 4699 Mitglied
2537 4611 2645 4677 des
2695 4610 2999 4676 Kirchen·
