3303 5013
1161 342 1293 397 und
1328 341 1883 414 Entschddunqen.
2640 327 2762 394 103

482 519 595 587 IX.
650 556 725 568 —
773 519 876 588 De
914 520 1265 588 Paroeciis.
1312 557 1391 569 -
1437 519 1608 602 Quae
1637 520 1956 605 paroeciae
1986 520 2340 589 curionibus
2367 541 2401 588 e
2429 520 2760 608 Religionis

274 625 555 691 Familiis
599 624 726 691 sint
773 624 1238 691 demandandae
1286 624 1568 709 Episcopi
1616 625 1899 704 videant,
1961 624 2205 692 collatis
2248 625 2574 693 sententiis
2617 646 2758 694 cum

269 730 626 796 earumdem
674 729 1079 796 Familiarum
1123 728 1547 795 Praesidibus.
1617 728 1790 811 Quod
1836 729 1890 796 si
1932 728 2211 814 quaestio
2253 729 2328 797 de
2372 751 2446 798 ea
2490 750 2554 798 re
2596 731 2759 799 oria-

266 837 392 912 tur,
440 853 555 900 nec
597 835 889 919 privatim
935 834 1215 919 componi
1261 836 1488 919 queat,
1548 852 1736 900 causa
1788 832 1864 900 ad
1914 832 2285 920 Delegatnm
2331 835 2756 920 Apostolicum

268 939 603 1008 deferetur.

478 1044 559 1112 X.
607 1080 687 1093 -
741 1042 844 1111 De
887 1043 1330 1112 Missionibus.
1377 1081 1457 1092 —-
1508 1045 1605 1110 Ad
1653 1046 1859 1112 cetera
1905 1046 2312 1130 argumenta,
2371 1044 2594 1130 quibus
2639 1045 2755 1112 Ec·

265 1148 463 1215 clesia
529 1148 835 1234 magistra
898 1149 1236 1233 opportune
1311 1149 1565 1215 cavetur
1631 1168 1708 1215 ne
1776 1148 1929 1216 fides
1996 1167 2360 1233 morumque
2426 1150 2758 1234 integritas

264 1253 520 1337 aliaque
588 1253 666 1318 ad
742 1253 1056 1318 aeternam
1127 1251 1471 1319 animorum
1538 1253 1807 1319 salntem
1875 1253 2248 1338 pertinentia
2311 1251 2755 1320 detrimentum

260 1356 558 1441 capiant,
630 1355 930 1422 accedunt
1004 1355 1286 1440 equidem
1359 1376 1760 1442 summaeque
1830 1361 1978 1426 sunt
2043 1356 2340 1424 utilitatis
2407 1357 2758 1441 spiritualia

264 1460 578 1528 Exercitia
641 1479 918 1545 quaeque
986 1460 1172 1546 vulgo
1232 1460 1558 1528 Missiones
1603 1461 1887 1529 audiunt.
1981 1461 2338 1547 Optandum
2385 1463 2760 1546 quapropter

258 1565 515 1632 omnino
575 1566 672 1631 est
741 1566 848 1643 ut,
921 1564 984 1629 in
1050 1564 1381 1649 provinciis
1446 1565 1731 1652 singulis,
1796 1566 2079 1653 singulae
2139 1566 2364 1634 saltem
2409 1565 2756 1632 condantur

261 1669 505 1749 domus,
556 1669 696 1735 octo
741 1669 878 1752 plus
923 1669 1125 1735 minus
1161 1668 1495 1755 Religiosis
1538 1670 1685 1737 viris
1734 1670 2131 1755 excipiundis,
2182 1669 2405 1754 quibus
2450 1670 2534 1736 sit
2578 1670 2757 1737 unice

262 1773 714 1858 praestitutum
757 1773 940 1840 nrbes
976 1773 1235 1840 subinde
1282 1792 1354 1839 ac
1397 1792 1593 1858 pagos
1636 1774 1907 1841 lustrare
1952 1775 2243 1859 dictaque
2283 1774 2464 1842 modo
2496 1774 2756 1853 ratione,

259 1878 462 1945 sacris
503 1878 896 1945 concionibus
939 1878 1192 1962 populos
1237 1877 1524 1946 excolere.
1618 1878 1792 1961 Quod
1840 1881 2085 1958 tamen,
2148 1880 2201 1945 si
2248 1877 2533 1945 fidelibus
2577 1878 2754 1960 utile,

261 1982 678 2051 necessarium
722 1981 996 2066 profecto
1036 1982 1165 2048 illis
1206 1982 1320 2060 est,
1358 1981 1463 2066 qui
1497 1982 1818 2067 Evangelii
1857 1983 2056 2049 lucem
2094 1983 2361 2049 nondum
2395 1983 2751 2051 hauserunt.

259 2089 381 2155 Ubi
428 2087 632 2172 igitur
677 2089 951 2173 agrestes
1006 2085 1208 2153 adbuc
1260 2089 1474 2171 gentes
1526 2088 1861 2154 occurrunt
1904 2077 2161 2153 immani
2204 2086 2508 2154 idolorum
2555 2087 2749 2153 cultui

258 2191 533 2273 addicti,
597 2191 799 2257 sciant
843 2191 1129 2275 Episcopi
1174 2193 1239 2258 et
1285 2191 1632 2258 sacerdotes
1680 2192 1876 2259 teneri
1921 2192 2000 2258 ad
2038 2181 2272 2259 seruili*
2297 2191 2751 2259 conversionem

260 2297 626 2364 curandam.
716 2296 918 2378 Quare
963 2297 1125 2362 inter
1176 2296 1319 2364 illas
1379 2297 1572 2363 etiam
1634 2298 1932 2363 stationes
1991 2296 2329 2363 fundentur
2388 2315 2497 2381 pro
2551 2314 2755 2363 sacer-

262 2402 519 2471 dotibus
566 2401 669 2485 qui
712 2400 1046 2485 apostolico
1104 2420 1354 2468 munere
1409 2401 1774 2485 fungantur,
1831 2420 1941 2468 nec
2000 2402 2199 2469 solum
2256 2401 2612 2468 idololatras
2676 2401 2751 2467 ad

261 2508 608 2575 christiana
667 2525 845 2573 sacra
910 2505 1277 2587 traducant,
1343 2525 1553 2573 verum
1618 2508 1811 2574 etiam
1882 2505 2084 2592 pueris
2142 2505 2541 2573 instituendis
2604 2506 2753 2573 dent

261 2631 532 2697 operam.
624 2612 761 2677 Hae
820 2630 996 2696 porro
1055 2612 1357 2678 stationes
1419 2610 1509 2677 sic
1569 2614 1753 2678 erunt
1810 2610 2188 2678 ordinandae
2242 2612 2314 2676 ιιι
2369 2609 2589 2677 deinde
2642 2630 2751 2695 op·

240 2720 526 2802 oportune
580 2718 854 2800 tempore
918 2714 997 2781 ad
1059 2715 1487 2782 Praefecturas
1549 2716 1647 2782 vel
1719 2715 2071 2783 vicariatus
2135 2715 2517 2798 Apostolicos
2579 2717 2752 2782 evehi

259 2824 512 2906 queant.
570 2821 667 2888 Ne
709 2824 918 2887 autem
966 2820 1072 2905 qui
1115 2820 1346 2887 ibidem
1386 2820 1579 2886 sacris
1616 2821 1995 2904 occupantur
2034 2818 2378 2886 necessaria
2407 2819 2485 2885 ad
2518 2819 2750 2886 victum

259 2925 858 3011 promovendamque
904 2923 1087 2992 fidem
1135 2924 1521 3005 desiderent,
1585 2926 1906 2992 hortamur
1950 2927 2024 2990 ιιι
2070 2924 2132 2989 ἰιι
2177 2922 2443 2990 dioecesi
2488 2942 2749 3008 quaque,

261 3029 557 3098 incolumi
619 3029 867 3114 quidem
929 3028 1324 3115 Lugdunensi
1385 3029 1685 3096 Instituto
1744 3028 1902 3113 quod
1965 3048 2003 3095 a
2066 3030 2515 3114 Propagatione
2578 3027 2749 3094 Fidei

262 3135 647 3220 appellatur,
718 3133 1058 3218 peculiares
1125 3137 1337 3201 coetus
1403 3134 1815 3201 instituantur
1885 3133 2154 3201 virorum
2202 3152 2275 3199 ac
2322 3133 2746 3213 foeminarum,

262 3239 365 3323 qui
430 3238 714 3305 fidelium
773 3238 1068 3325 symbolis
1133 3238 1500 3324 colligendis
1568 3239 1878 3324 praesint,
1954 3238 2365 3322 collectasque
2433 3238 2749 3323 Episcopis

259 3345 539 3423 tradant,
586 3344 989 3411 Missionibus
1036 3363 1230 3430 aequo
1271 3346 1406 3412 iure
1449 3364 1521 3411 ex
1562 3346 1809 3431 integro
1855 3343 2333 3411 distribuendas.

469 3448 580 3515 xl.
616 3486 699 3498 -
727 3450 832 3518 De
855 3448 1207 3535 disciplina
1228 3450 1673 3519 ecclesiastica.
1709 3487 1789 3499 -
1823 3448 2257 3517 Conciliandae
2290 3450 2450 3516 clero
2476 3449 2749 3515 fidelium

259 3552 704 3620 existimationi
751 3553 909 3619 nibil
956 3553 1245 3621 conducit
1284 3553 1628 3635 efficacius,
1679 3575 1861 3640 qnam
1885 3606 1901 3634 ,
1948 3555 2001 3620 si
2045 3572 2205 3639 quae
2249 3554 2597 3621 sacerdotes
2643 3554 2748 3620 do-

260 3659 402 3724 cent
468 3657 692 3738 verbo,
743 3677 816 3724 ea
875 3657 1063 3725 simul
1120 3677 1299 3743 opere
1362 3660 1734 3745 compleant.
1825 3659 1978 3727 Cum
2043 3660 2208 3725 enim
2270 3660 2340 3725 ut
2385 3658 2753 3725 Tridentina

260 3761 544 3848 synodus
594 3762 830 3848 inquit,
892 3781 930 3829 a
990 3764 1172 3830 rebus
1228 3764 1459 3831 saeculi
1521 3765 1585 3831 in
1645 3765 1929 3832 altiorem
1988 3765 2220 3831 sublati
2262 3764 2462 3831 locum
2510 3762 2750 3848 conspi-

263 3866 540 3946 ciantur,
610 3867 674 3933 in
745 3886 848 3934 eos
904 3869 1225 3951 tamquam
1286 3868 1353 3933 in
1407 3869 1726 3953 speculum
1770 3869 1995 3956 reliqui
2039 3869 2249 3936 oculos
2295 3867 2635 3935 coniiciunt
2682 3886 2753 3934 ex

260 3969 457 4056 iisque
504 3974 760 4037 sumunt
801 3972 962 4057 quod
1011 3972 1350 4040 imitentur.
1447 3973 1833 4058 Quapropter
1879 3975 1967 4040 sic
2012 3973 2190 4040 decet
2220 3973 2465 4040 omnino
2497 3972 2753 4040 clericos

266 4074 457 4140 vitam
503 4094 821 4161 moresque
865 4094 1008 4143 suos
1063 4095 1274 4142 omnes
1333 4097 1693 4163 componere
1757 4081 1828 4145 ut
1889 4078 2145 4158 babitu,
2208 4081 2425 4164 gestu,
2487 4078 2751 4156 incessu,

264 4196 576 4260 sermone,
627 4180 888 4265 aliisque
925 4181 1209 4247 omnibus
1254 4182 1469 4263 rebus,
1536 4183 1626 4251 nil
1675 4183 1791 4249 nisi
1838 4202 2060 4269 grave,
2109 4183 2494 4250 moderatum
2537 4201 2609 4249 ac
2654 4201 2750 4248 re-

263 4280 494 4367 ligione
537 4284 786 4369 plenum
833 4303 977 4368 prae
1021 4304 1087 4351 se
1131 4286 1369 4369 ierant3
1417 4286 1579 4353 levia
1623 4286 1811 4354 etiam
1844 4287 2097 4367 delicta,
2144 4306 2303 4372 quae
2339 4286 2400 4351 in
2431 4287 2582 4371 ipsis
2619 4305 2750 4352 ma-

266 4385 426 4452 xima
474 4388 715 4467 essent,
778 4388 1114 4473 estugiant,
1176 4391 1247 4455 ut
1288 4408 1498 4457 eorum
1562 4391 1836 4457 actiones
1894 4391 2135 4458 cunctis
2186 4390 2449 4456 afferant
2493 4407 2744 4457 venera-

268 4490 512 4558 tionem.
604 4491 723 4559 Sed
786 4493 944 4558 enim
1003 4512 1113 4578 pro
1174 4494 1289 4560 bac
1355 4494 1720 4580 disciplinae
1782 4495 2237 4563 ecclesiasticae
2295 4494 2749 4561 instauratione

268 4613 493 4680 proque
537 4596 722 4680 plena
768 4596 1240 4664 constitutionis
1300 4598 1483 4665 buius
1545 4599 1811 4666 Nostrae
1874 4599 2274 4684 exequutione
2326 4597 2745 4663 venerabilem

274 4697 544 4766 Fratrem
595 4701 882 4766 Ioannem
933 4701 1281 4785 Baptistam
1325 4702 1512 4769 Guidi
1561 4703 2104 4788 Arcbiepiscopum
2153 4702 2744 4785 Stauropolitanum,
