3303 5013
564 287 694 352 502
1428 302 1775 359 Kcrcmicne
1816 302 2221 359 Aktmtacke

570 476 852 545 Tertium
902 475 1194 543 Ordinem
1244 472 1622 540 saecularem
1670 471 1731 539 S.
1780 472 2111 548 Francisci,
2153 473 2206 543 si
2254 473 2316 538 in
2357 473 2552 539 alium
2584 474 2782 540 locum
2815 478 3027 560 pergat,

570 580 676 646 ubi
723 580 936 646 existit
967 577 1381 662 congregatio
1412 576 1694 643 subiecta
1718 577 1838 644 FF.
1870 576 2259 661 Capuccinis,
2296 577 2495 643 denuo
2530 578 2806 646 obtinere
2833 579 3028 645 debeat

568 685 932 751 facultatem
978 682 1056 749 ad
1102 681 1412 766 praefatos
1457 682 1636 747 actus
1682 682 2065 761 exercendos,
2113 681 2211 749 vel
2257 681 2351 747 uti
2396 700 2471 749 ea
2509 682 2734 763 valeat,
2780 701 2900 769 qua
2923 683 3032 768 pri-

569 808 742 855 mum
785 788 1193 874 potiebatur?

777 892 837 958 S.
887 891 1174 977 Coug.tio
1233 890 1454 957 audita
1512 891 1701 956 etiam
1745 889 2207 956 moderatorum
2258 890 2744 958 Franciscalium
2789 892 3031 959 familia-

570 1016 706 1062 rum
762 997 1107 1073 sententia,
1169 994 1365 1079 quoad
1430 994 1773 1078 propositas
1819 995 2213 1079 quaestiones
2269 995 2421 1061 baec
2458 995 2522 1061 in
2570 998 2879 1080 posterum
2916 1016 3029 1062 ser-

571 1100 776 1166 vanda
821 1099 1128 1165 decrevit:

785 1206 873 1273 1.⁰
931 1205 1018 1272 Ut
1076 1202 1314 1270 Novitii
1370 1192 1639 1267 tertiarii
1708 1201 2067 1269 Saeculares
2129 1201 2191 1269 S.
2252 1202 2565 1272 Francisci
2623 1205 3031 1290 professionem

570 1309 855 1376 emittere
905 1309 1153 1374 valeant
1196 1308 1259 1372 in
1306 1305 1784 1392 congregatione
1829 1306 2089 1373 alterius
2130 1307 2549 1389 obedientiae,
2609 1329 2720 1375 seu
2783 1310 3029 1375 diversae

568 1414 647 1479 ab
691 1412 835 1492 illa,
893 1413 957 1479 in
1002 1431 1125 1496 qua
1169 1411 1246 1477 ad
1294 1411 1665 1478 novitiatum
1713 1410 1962 1477 fuerant
2006 1412 2292 1491 admissi,
2354 1413 2409 1478 si
2452 1413 2546 1480 ita
2583 1413 2811 1480 melius
2853 1432 3034 1480 eornm

569 1516 999 1584 commoditati
1045 1516 1459 1600 provideatur.

776 1623 870 1687 2.⁰
932 1622 1016 1688 Ut
1074 1620 1332 1704 professi
1386 1619 1600 1685 eadem
1661 1618 1739 1684 de
1793 1637 1982 1686 causa
2019 1620 2287 1686 transire
2327 1621 2567 1705 possint
2609 1621 2689 1687 de
2739 1641 2860 1687 uua
2898 1620 3032 1688 Con·

572 1727 934 1811 gregatione
978 1725 1054 1790 ad
1101 1725 1288 1790 aliam
1334 1724 1613 1790 diversae
1653 1723 2059 1791 obedientiae.

776 1832 871 1896 3.⁰
932 1829 1017 1895 Ut
1074 1829 1377 1912 parochus
1438 1827 1537 1895 vel
1600 1827 1864 1911 quilibet
1908 1829 2194 1894 sacerdos
2242 1829 2505 1895 alicuius
2549 1828 3030 1916 Congregationie

573 1934 1020 2001 Tertiariorum
1060 1933 1440 2012 moderator,
1500 1933 1553 1997 si
1614 1932 1738 1998 alio
1780 1932 2193 1999 transferetur
2214 1982 2231 2010 ‚
2293 1934 2399 1998 ubi
2459 1934 2587 2001 alia
2648 1934 3032 2021 congregatio

569 2038 847 2106 diversae
892 2037 1278 2104 obedientiae
1322 2038 1685 2121 reperiatur,
1733 2036 2015 2102 eamdem
2058 2056 2275 2121 regere
2318 2038 2530 2122 possit,
2581 2039 2736 2124 quin
2785 2039 3030 2123 indigeat

572 2161 727 2210 nova
768 2142 1242 2228 adprobatione3
1301 2144 1590 2208 teneatur
1642 2145 1851 2207 tamen
1900 2141 2017 2207 bac
2060 2140 2138 2207 de
2183 2160 2249 2207 re
2294 2141 2617 2209 certiorem
2662 2143 2869 2211 facere
2908 2142 3029 2208 visi·
3166 2188 3167 2197 κ

570 2251 838 2313 tatorem
899 2247 1249 2331 regularem
1271 2296 1288 2324 ,
1352 2247 1427 2311 ut
1479 2264 1619 2311 cum
1685 2245 1897 2311 eodem
1959 2247 2213 2331 negotia
2272 2246 2792 2332 Congregatiouis
2854 2263 3029 2334 gerere

574 2352 1013 2525 valeatbatum
1062 2456 1290 2523 Romae
1336 2474 1409 2522 ex
1453 2454 1801 2522 Secretaria
1842 2454 2115 2523 eiusdem
2160 2453 2223 2523 S.
2264 2455 2330 2525 C.
2376 2456 2476 2522 die
2518 2456 2582 2523 4.
2618 2457 2844 2525 Martii
2876 2453 3020 2523 1903.

1272 2559 1354 2626 Α.
1400 2557 1584 2628 Card.
1636 2561 1919 2645 Tnpepi,
1969 2561 2352 2627 Praefectus.

746 2666 813 2732 1..
845 2667 892 2749 †
918 2665 979 2733 S.
1165 2663 1208 2749 †
1252 2665 1645 2732 flamiam
1682 2665 1943 2749 Soyaro,
1988 2665 2282 2749 Archiep.
2334 2665 2640 2745 Amiden.,
2686 2666 2956 2735 Secrjus

597 2928 696 3000 11.
745 2929 1173 3013 Belsetzuug
1216 2873 1355 2996 von
1398 2927 1675 2995 Herzen
1719 2928 2245 2996 Verstorbener
2288 2946 2382 2995 an
2423 2927 2748 3014 heiligen
2794 2927 3005 2997 ortua.

778 3069 971 3134 Rmus
1018 3068 1094 3134 D.
1141 3067 1466 3133 Marianus
1523 3066 1799 3132 ,Iacobus
1861 3066 2211 3145 Casanova,
2277 3065 2794 3151 Archiepiscopus
2849 3058 3025 3132 Sancti

569 3172 792 3241 Jacobi
838 3172 914 3238 de
955 3171 1118 3250 Cile,
1180 3190 1219 3236 a
1272 3169 1460 3237 Sacra
1519 3169 1784 3237 Rituum
1840 3168 2336 3254 congregatione
2381 3170 2696 3255 sequentis
2741 3170 2913 3236 dubii
2949 3183 3028 3232 so-

568 3275 870 3342 lutionem
918 3275 1243 3341 humiliter
1281 3275 1612 3358 expetivitz

778 3382 982 3465 Quum
1034 3381 1099 3445 in
1144 3379 1582 3445 archidioecesi
1642 3377 1855 3444 Sancti
1911 3377 1956 3446 J
1960 3378 2136 3446 acobi
2189 3379 2266 3444 de
2331 3377 2462 3446 Cile
2521 3378 2856 3464 aliquando
2913 3391 3031 3442 con·

566 3484 817 3571 tingat,
864 3487 970 3565 ut,
1029 3484 1291 3551 mortuis
1342 3483 1643 3567 episcopis
1705 3483 1967 3568 aliisque
2034 3483 2370 3567 praeclaris
2435 3483 2895 3560 sacerdotibus,
2948 3492 3032 3542 cot

567 3609 777 3658 eorum
826 3590 1191 3656 extrahatur
1249 3590 1315 3654 et
1374 3587 1702 3654 honorilice
1760 3590 2037 3652 servetur
2090 3588 2152 3652 in
2224 3588 2402 3654 domo
2463 3587 2563 3655 vel
2626 3588 2726 3671 pio
2793 3587 2922 3652 loco
2969 3578 3033 3646 ab

568 3695 721 3779 ipsis
767 3693 1043 3761 fundatis
1089 3694 1187 3761 vel
1232 3692 1663 3777 praedilectis3
1723 3694 1910 3775 atque
1970 3692 2357 3758 conservatio
2402 3692 2496 3756 ita
2542 3690 2654 3757 liat
2699 3694 2771 3757 ut
2807 3684 3036 3756 clauda·

567 3804 673 3865 tur
717 3819 820 3865 cor
859 3800 923 3865 in
969 3799 1249 3883 ampulla
1290 3797 1524 3873 vitrea,
1569 3797 1633 3861 in
1698 3796 1927 3863 visibili
1987 3796 2120 3861 loco
2180 3798 2244 3861 et
2305 3796 2466 3860 iuter
2528 3795 2706 3861 flores
2747 3789 3031 3861 ordinarie

570 3905 907 3982 collocata3
952 3904 1310 3989 quaeritur:
1356 3902 1650 3967 Potestne
1699 3904 1848 3966 baec
1894 3899 2096 3984 praxis
2142 3899 2543 3966 continuari?

776 4009 967 4075 Sacra
1011 4027 1189 4093 porro
1240 4008 1497 4073 Rituum
1546 4003 1992 4089 Congregatio,
2055 4003 2135 4069 ad
2179 4003 2541 4069 relationem
2584 3998 2935 4074 Secretarii,
2979 4010 3032 4059 re

571 4117 862 4180 accurate
907 4131 1224 4197 perpensa,
1271 4110 1582 4196 proposito
1629 4108 1816 4174 dubio
1862 4108 2322 4174 rescribendum
2364 4108 2639 4173 censuit:

777 4219 1220 4301 Affimutive5
1263 4216 1595 4283 dummodo
1640 4216 1956 4297 descripta
1999 4213 2385 4281 conservatio
2429 4210 2644 4279 cordis
2678 4231 2799 4277 non
2834 4209 2948 4292 fiai
2969 4207 3033 4269 in

571 4322 703 4389 loco
744 4343 948 4390 sacro.
3168 4339 3169 4344 ¹

774 4428 982 4510 Atque
1025 4426 1118 4490 ita
1164 4423 1501 4507 rescripsit.

779 4528 897 4593 Die
947 4529 1045 4596 11.
1096 4528 1416 4593 Februarii
1466 4527 1653 4592 1898.
