3303 5013
1163 309 1299 364 und
1332 307 1890 378 Entscheidunqen.
2650 289 2779 355 485

286 480 646 546 Kanonikat
691 479 986 545 auiriicke
1011 528 1028 557 ,
1089 498 1260 544 wenn
1321 480 1409 545 im
1467 480 1720 562 Kapitel
1764 479 2422 564 partikularrecbtlich
2468 479 2568 545 die
2612 481 2780 564 optio

285 584 560 661 bestehe,
606 583 731 648 und
778 584 922 649 dass
968 583 1288 669 bezuglicb
1336 585 1445 648 der
1495 583 1828 668 Erfflllung
1873 584 1989 649 den
2036 584 2153 649 mit
2197 584 2336 648 dem
2373 584 2531 651 betr.
2564 584 2778 650 Kano-

287 688 500 754 nikate
529 688 960 754 verbundenen
996 687 1544 772 Verpflichtungeu
1579 689 1819 772 (onera)
1854 688 1952 753 die
1983 687 2548 770 Kapitelsstatuten
2578 706 2774 754 mass·

282 792 519 877 gebend
573 792 759 859 seien.
867 793 1006 857 Wir
1066 792 1264 875 geben
1325 792 1425 857 die
1487 809 1681 875 ganze
1738 791 1943 858 Causa
2005 792 2144 858 dem
2207 791 2560 857 Wortlaute
2620 792 2777 857 nach

285 897 526 975 wieder,
577 896 686 962 wie
731 898 821 962 sie
863 898 998 962 sich
1044 897 1106 961 in
1157 898 1273 962 den
1314 898 1478 962 Acta
1522 895 1584 961 S.
1617 895 1795 961 Sedis
1842 896 2017 980 (fasc.
2049 896 2162 975 IX,
2197 895 2317 961 vol.
2351 895 2613 979 XXXV)
2651 896 2779 961 und

282 1001 400 1067 den
444 1001 748 1067 Analecta
790 1001 1227 1067 Ecclesiastica
1270 1001 1446 1084 (fasc.
1489 1000 1606 1078 111,
1657 1001 1774 1066 vol.
1819 1000 1940 1085 XI)
1982 1001 2195 1068 findet.

492 1105 564 1169 In
603 1106 878 1188 capitulo
925 1103 1289 1170 cathedrali
1334 1105 1644 1171 Ecclesiae
1692 1104 2187 1190 osnaburgensis
2246 1103 2399 1170 baec
2457 1104 2628 1169 dicta
2682 1107 2780 1169 est

283 1208 380 1274 lex
438 1208 501 1273 in
564 1209 822 1274 statutis
877 1208 1322 1292 capitularibus
1371 1228 1410 1275 a
1453 1207 1514 1274 S.
1564 1207 1721 1275 Sede
1767 1208 2152 1293 approbatis,
2215 1212 2287 1272 ut
2352 1226 2640 1273 aseensus
2697 1207 2777 1273 ad

283 1312 660 1396 praebendas
716 1314 1003 1378 vacantes
1047 1313 1160 1378 fiat
1201 1314 1342 1396 ipso
1385 1314 1522 1378 iure
1563 1334 1761 1396 neque
1804 1311 2168 1379 EXPESSA
2216 1314 2381 1396 optio
2426 1334 2621 1395 neque
2662 1333 2777 1379 no·

280 1436 394 1482 vus
427 1418 850 1499 possessionis
890 1424 1071 1483 actus
1107 1419 1505 1500 requiratur,
1563 1417 1966 1500 quamobrem
2024 1417 2353 1489 canonicus
2414 1417 2520 1499 qui
2565 1415 2778 1481 ordine

281 1519 641 1609 immediate
687 1521 965 1604 sequitur
1009 1522 1369 1586 canonicum
1417 1520 1779 1587 defunctum
1826 1522 1938 1586 aut
1966 1523 2337 1605 promotum,
2387 1520 2569 1584 buius
2600 1538 2775 1604 prae-

280 1624 581 1700 bendam,
628 1626 767 1708 ipso
807 1628 1011 1702 facto,
1066 1625 1307 1692 obtinet
1345 1625 1409 1691 et
1454 1624 1696 1690 fructus
1740 1623 1895 1691 facit
1937 1644 2117 1702 suos;
2177 1624 2352 1689 iubet
2397 1623 2559 1688 enim
2606 1626 2647 1705 ὅ
2697 1624 2778 1687 13

283 1730 700 1794 statutorum:
767 1728 1120 1796 »Canonici
1167 1736 1225 1796 et
1278 1730 1527 1796 Vicarii
1567 1733 1683 1812 qui
1727 1730 1951 1796 ordine
1993 1730 2349 1812 defunctum
2392 1728 2489 1795 vel
2528 1747 2778 1809 promo·

287 1839 418 1898 tum
456 1839 818 1915 sequuntur,
899 1834 1248 1900 ascendunt
1291 1839 1350 1899 et
1387 1855 1431 1900 a
1474 1834 1578 1900 die
1620 1835 2011 1900 ascensionis
2069 1834 2316 1899 reditus
2362 1832 2777 1899 Canonicatui

282 1957 395 2004 seu
441 1936 849 2004 Praebeudae
903 1937 1185 2005 adnexos
1236 1937 1663 2021 percipiunt«.
1723 1975 1810 1985 —
1876 1937 2228 2022 Applicatio
2295 1936 2480 2001 huius
2526 1934 2776 2001 articuli

283 2039 465 2106 modo
510 2039 976 2124 quaestionibus
1020 2039 1415 2125 implicatur;
1460 2040 1769 2124 siquidem
1815 2060 1872 2107 a.
1923 2042 2092 2106 1890
2135 2042 2237 2107 die
2278 2046 2381 2107 11.
2416 2039 2601 2105 Iunii
2647 2041 2777 2103 An·

282 2144 492 2210 tonius
539 2143 791 2223 Thiele,
839 2147 1094 2226 primus
1151 2145 1214 2208 in
1263 2144 1475 2209 ordine
1520 2144 1952 2210 canonicorum
2000 2144 2330 2210 defunctus
2375 2146 2506 2226 est;
2560 2142 2777 2208 exinde

280 2248 592 2315 secundus
633 2245 783 2328 Can,
823 2251 1112 2330 prirnam
1154 2247 1430 2314 obtinuit
1468 2248 1883 2331 praebendam
1923 2249 2098 2314 4200
2145 2267 2511 2315 marcarum
2541 2265 2776 2311 annuos

282 2351 522 2417 reditus
583 2352 1011 2434 proferentem.
1131 2353 1380 2419 Tertius
1445 2355 1655 2418 autem
1727 2351 2056 2419 canonicus
2121 2351 2229 2436 qui
2297 2351 2376 2416 ad
2441 2351 2777 2418 secundam

282 2455 697 2540 praebendam
741 2456 1025 2523 eumdem
1073 2475 1344 2523 annuum
1391 2458 1659 2523 reditum
1701 2458 2111 2542 proferentem
2162 2455 2385 2522 babuit
2430 2473 2775 2534 ascensum,

171 2561 176 2568 '
281 2560 526 2627 scilicet
593 2560 939 2627 Canonicus
999 2561 1283 2627 Clemens
1346 2562 1530 2628 Cosse
1589 2564 1715 2628 iam
1782 2562 1859 2627 ab
1919 2581 1976 2629 a.
2042 2561 2208 2626 1888
2269 2562 2476 2625 mente
2535 2562 2774 2642 captus,

279 2683 460 2729 suum
521 2683 883 2730 consensum
926 2665 1266 2731 nullimode
1309 2665 1662 2749 significare
1708 2665 1910 2731 valuit
1949 2665 2025 2731 ad
2072 2663 2507 2747 capessendam
2555 2681 2774 2727 vacan-

280 2770 411 2833 tem
455 2767 892 2850 praebendum,
939 2770 1313 2851 quapropter
1358 2767 1715 2833 dubitatum
1764 2772 1881 2845 est,
1927 2787 2008 2832 an
2056 2784 2270 2850 reapse
2315 2766 2444 2850 ipse
2489 2766 2774 2831 altiorem

279 2871 696 2955 praebendam
757 2871 1018 2953 adeptus
1076 2872 1181 2936 sit.
1256 2907 1328 2918 -—
1399 2871 1550 2936 Inde
1616 2874 1949 2955 sequutum
2013 2873 2108 2936 est
2174 2872 2438 2937 alterum
2497 2870 2774 2946 dubium,

282 2993 504 3058 nempe
550 2992 630 3039 an
674 2980 941 3058 quar-tus
980 2975 1310 3040 canonicus
1357 2974 1669 3041 Henricus
1715 2975 1964 3041 Meurer
2004 2975 2355 3040 ascenderit
2401 2974 2480 3039 ad
2524 2975 2779 3041 tertiam

279 3078 692 3164 praebendam
752 3078 848 3142 vel
907 3079 1111 3162 magis
1170 3078 1248 3143 ad
1299 3080 1636 3146 secundam
1682 3079 1885 3162 prouti
1933 3078 2062 3162 ipse
2109 3078 2465 3162 postulabat
2512 3080 2577 3144 et
2621 3096 2769 3144 con·

278 3182 597 3260 tendebat,
645 3181 949 3266 siquidem
994 3186 1242 3267 propter
1289 3182 1508 3248 vitium
1562 3183 1791 3250 mentis
1831 3184 2109 3249 canonici
2156 3182 2372 3260 Cosse,
2417 3182 2630 3248 eadem
2678 3203 2777 3250 se-

278 3286 491 3355 cunda
541 3286 889 3370 praebenda
933 3287 1024 3352 uti
1068 3306 1290 3352 vacans
1323 3287 1622 3352 hactenus
1656 3286 1941 3353 habenda
1971 3290 2125 3352 erat.
2174 3287 2378 3369 Quum
2418 3305 2560 3352 vero
2589 3289 2778 3353 tertia

280 3397 346 3458 et
384 3399 616 3477 quarta
660 3390 1009 3475 praebenda
1054 3391 1290 3457 reditus
1337 3411 1570 3458 annuos
1615 3392 1890 3459 referant
1934 3392 2106 3457 3000
2151 3413 2548 3469 marcarum,
2615 3391 2776 3457 inter

282 3497 624 3564 secundam
665 3501 729 3562 et
772 3497 1025 3564 tertiam
1069 3497 1484 3580 praebendam
1537 3497 1889 3564 differentia
1937 3515 2280 3563 annuorum
2326 3496 2636 3561 redituum
2683 3498 2779 3562 est

281 3601 530 3666 circiter
576 3601 743 3666 1200
790 3620 1173 3684 marcarum;
1233 3604 1296 3667 et
1358 3602 1421 3667 hi
1483 3602 1725 3668 fructus
1788 3623 1824 3667 a
1889 3603 1995 3669 die
2055 3609 2157 3670 11.
2199 3599 2384 3668 Iunii
2425 3606 2631 3679 1900,
2700 3602 2777 3665 ob

284 3707 559 3770 exortam
605 3707 1082 3771 controversiam
1105 3752 1122 3784 ,
1164 3706 1369 3771 neutri
1413 3707 1707 3772 canonico
1751 3706 1939 3773 soluti
1982 3710 2129 3771 sunt
2171 3706 2277 3772 sed
2322 3705 2601 3789 deposito
2652 3705 2775 3771 col·

284 3809 475 3877 locati
518 3812 667 3875 sunt
711 3809 825 3875 snb
872 3828 1076 3875 annuo
1120 3809 1364 3875 foenore
1407 3812 1473 3875 et
1519 3810 1699 3875 hodie
1764 3814 2092 3876 creverunt
2152 3809 2229 3874 ad
2287 3826 2595 3873 summam
2659 3808 2779 3874 eir-

282 3915 439 3979 citer
481 3913 654 3979 2900
695 3934 1079 3981 marcarum.

488 4016 745 4083 Interim
811 4017 1155 4084 canonicus
1215 4017 1522 4083 Henricus
1570 4016 1824 4084 Meurer
1885 4019 1990 4085 die
2042 4022 2102 4085 5.
2163 4018 2349 4085 Iunii
2396 4023 2565 4084 1901
2611 4017 2775 4082 diem

277 4121 437 4187 obiit
465 4140 823 4204 supremum
856 4122 921 4186 et
949 4121 1015 4186 in
1044 4140 1156 4186 suo
1187 4123 1564 4187 testamento
1595 4122 1943 4204 postulavit
1966 4121 2172 4207 prouti
2202 4123 2388 4187 refert
2413 4122 2775 4206 Episcopus:

282 4232 352 4292 ut
400 4226 711 4308 pecuniae
773 4244 1022 4291 summa
1086 4225 1540 4306 differentialis
1600 4227 1677 4291 de
1734 4247 1858 4309 qua
1916 4227 2418 4301 dissentiebatur,
2466 4248 2594 4310 pro
2655 4247 2778 4292 sua

273 4335 471 4414 parte
519 4329 611 4394 ad
657 4330 813 4411 pias
872 4349 1101 4394 causas
1156 4335 1272 4395 aut
1327 4330 1516 4396 dubio
1568 4330 1766 4397 soluto
1815 4352 1937 4413 per
1993 4331 2191 4397 Emos
2260 4330 2484 4398 Patres
2542 4329 2777 4397 Sacrae

286 4433 520 4517 (loquis
562 4430 835 4498 Concilii
854 4481 869 4509 ,
929 4438 1042 4499 aut
1082 4432 1360 4498 insoluto
1378 4481 1396 4510 ,
1458 4435 1984 4502 consentientibus
2038 4435 2410 4501 haeredibus
2473 4433 2780 4499 canonici

282 4536 623 4605 Clementis
673 4536 879 4619 Cosse,
920 4536 1396 4602 exhibeantur«.

491 4639 737 4706 Interea
782 4639 948 4706 idem
996 4639 1279 4707 Clemens
1324 4639 1507 4706 Cosse
1567 4640 1667 4705 die
1729 4647 1841 4708 21.
1886 4642 2231 4707 Februarii
2281 4644 2452 4705 1902
2497 4644 2773 4704 mortuus
