3303 5013
1215 318 1349 376 und
1383 314 1942 390 Entschetdunyen.
2698 300 2823 371 687

339 498 488 563 tres.
563 493 768 562 Sacris
801 513 1064 578 namque
1095 495 1399 578 quotquot
1425 491 1664 559 initiati
1697 494 1864 571 sunt,
1896 511 2031 559 eam
2061 493 2129 559 in
2167 493 2428 578 populis,
2461 493 2822 579 quibuscum

339 601 684 679 versantur,
757 598 1131 683 provinciam
1192 598 1310 663 sibi
1373 598 1585 664 datam
1655 598 1888 673 norint,
1960 617 2144 682 quam
2192 599 2424 663 Paulus
2485 601 2826 695 suscepisse

336 707 610 772 testatus
669 706 769 770 est
809 703 1251 769 amantissimis
1311 704 1389 768 iis
1444 703 1683 768 verbis:
1754 703 1978 769 Filioli
2019 706 2159 782 mei,
2215 725 2366 787 quos
2404 707 2629 772 iterum
2666 727 2824 789 par·

336 812 523 890 turio,
570 810 762 876 donec
800 811 1109 892 formetur
1141 806 1435 875 Christus
1479 810 1552 874 in
1579 808 1757 874 vobis
1779 806 1845 894 ²).
1941 808 2061 890 Qui
2093 812 2301 874 tamen
2330 809 2571 893 explere
2605 830 2825 876 munus

337 915 589 999 queant,
634 913 750 980 nisi
798 914 1029 997 priores
1073 914 1189 996 ipsi
1227 912 1545 978 Christum
1593 912 1961 977 induerint?
2006 916 2191 998 atque
2236 915 2329 980 ita
2373 914 2705 995 induerint,
2752 918 2826 980 ut

338 1020 493 1084 illud
541 1019 820 1103 Apostoli
885 1017 1159 1082 eiusdem
1227 1036 1525 1100 usurpare
1588 1017 1858 1100 possint:
1919 1018 2073 1084 Vivo
2132 1039 2258 1103 eqo,
2323 1020 2454 1085 iam
2506 1041 2636 1086 non
2691 1042 2822 1105 eqo,

335 1127 491 1190 vivit
517 1145 662 1190 vero
690 1125 763 1189 in
790 1144 887 1189 me
927 1121 1298 1207 omisca-3²).
1372 1122 1553 1188 Mihi
1576 1124 1780 1189 vivere
1818 1122 2111 1190 Christus
2138 1125 2318 1208 est⁸).
2391 1124 2822 1206 Quamobrem,

338 1229 455 1294 etsi
501 1229 578 1293 ad
626 1228 839 1297 fideles
887 1246 1095 1293 omnes
1141 1228 1410 1310 pertinet
1453 1226 1722 1292 hortatio
1767 1233 1840 1292 ut
1882 1247 2289 1294 occurramus
2330 1232 2407 1295 in
2448 1230 2653 1295 virum
2669 1250 2827 1312 per-

331 1334 582 1414 fectum,
627 1334 699 1400 in
735 1353 1097 1399 mensuram
1141 1332 1369 1397 aetatis
1396 1332 1836 1415 plenitudinis
1869 1332 2111 1398 Christi
2133 1332 2216 1416 ⁴);
2261 1332 2583 1417 praecipue
2613 1335 2823 1399 tamen

338 1436 414 1499 ad
463 1437 639 1501 illum
698 1437 940 1519 spectat
997 1436 1104 1520 qui
1148 1435 1492 1501 sacerdotio
1554 1434 1880 1519 fungitur3
1945 1437 2050 1520 qui
2097 1435 2328 1502 idcirco
2388 1434 2618 1502 dicitur
2661 1437 2826 1503 alter

336 1540 644 1620 Christus,
694 1560 812 1606 non
843 1560 967 1606 una
996 1559 1143 1606 saue
1176 1541 1505 1624 potestatis
1537 1540 2095 1606 communicatione
2123 1541 2227 1605 sed
2256 1541 2443 1607 etiam
2473 1542 2822 1607 imitatione

337 1647 640 1711 factorum
707 1665 830 1729 qua
874 1663 1219 1729 expressam
1267 1645 1330 1709 in
1377 1664 1441 1710 se
1489 1645 1722 1711 Christi
1771 1645 2106 1728 imaginem
2154 1645 2486 1730 praeferat.

541 1750 711 1830 Quae
758 1769 897 1814 curn
943 1751 1035 1814 ita
1072 1749 1216 1829 sint,
1266 1768 1421 1834 quae
1468 1749 1642 1815 vobis
1686 1753 2057 1834 quantaque,
2115 1750 2509 1817 venerabiles
2539 1751 2823 1829 Fratres,

335 1854 615 1937 ponenda
673 1873 823 1920 cura
878 1857 975 1920 est
1033 1855 1096 1918 in
1152 1855 1313 1920 clero
1372 1853 1451 1919 ad
1511 1855 1912 1920 sanctitatem
1954 1874 2195 1920 omnem
2245 1855 2594 1921 formando!
2663 1856 2822 1936 huic,

333 1978 754 2043 quaecumque
799 1959 1150 2038 obveniant,
1197 1960 1449 2044 negotia
1494 1959 1709 2024 cedere
1749 1978 1995 2025 necesse
2028 1961 2142 2025 est.
2234 1959 2645 2041 Quamobrem
2682 1979 2823 2044 pars

336 2064 535 2147 potior
577 2064 1043 2148 diligentiarum
1078 2066 1421 2130 vestrarum
1456 2064 1540 2129 sit
1575 2064 1653 2129 de
1686 2064 2032 2130 seminariis
2076 2065 2268 2130 sacris
2313 2064 2431 2130 rite
2470 2064 2825 2131 ordinandis

334 2168 864 2252 moderandisque,
929 2172 1002 2235 ut
1050 2171 1282 2253 pariter
1319 2169 1686 2253 integritate
1743 2168 2058 2236 doctrinae
2098 2171 2163 2234 et
2202 2188 2442 2235 morum
2486 2170 2823 2236 sanctitate

332 2272 611 2340 floreant.
701 2271 1116 2339 Seminarium
1175 2274 1374 2340 cordis
1438 2274 1696 2358 quisque
1744 2275 1932 2341 vestri
1994 2273 2246 2340 delicias
2293 2275 2601 2354 habetote,
2668 2274 2823 2340 nihil

333 2377 515 2461 plane
559 2378 636 2442 ad
697 2378 827 2443 eius
877 2378 1216 2444 utilitatem
1266 2379 1644 2459 omittentes,
1709 2379 1870 2463 quod
1934 2381 2031 2445 est
2084 2399 2122 2445 a
2166 2379 2531 2445 Tridentina
2577 2378 2819 2463 Synodo

333 2481 868 2566 providentissime
930 2485 1359 2552 constitutum.
1401 2523 1487 2533 -
1535 2485 1738 2566 Quum
1785 2503 1927 2554 vero
1988 2484 2067 2550 ad
2132 2485 2246 2550 hoc
2285 2487 2537 2551 ventum
2585 2483 2705 2550 erit
2751 2486 2820 2548 ut

333 2588 648 2653 candidati
678 2593 872 2655 sacris
908 2590 1144 2656 initiari
1181 2590 1461 2669 debeant,
1506 2609 1582 2655 ne
1612 2610 1840 2674 quaeso
1872 2589 2114 2656 excidat
2159 2588 2365 2654 animo
2398 2589 2558 2673 quod
2587 2588 2822 2655 Paulus

333 2693 657 2760 Timotheo
704 2694 1084 2777 perscripsit:
1136 2695 1398 2761 Nemini
1442 2697 1563 2761 cito
1607 2716 1836 2761 manus
1881 2695 2261 2779 imposueris
2277 2695 2365 2777 ⁶);
2411 2693 2566 2758 illud
2612 2695 2819 2760 atten-

331 2797 573 2863 tissime
602 2799 963 2880 reputando,
1014 2799 1171 2863 tales
1206 2799 1564 2882 plerumque
1595 2798 1806 2865 fideles
1839 2799 2099 2875 futuros,
2148 2797 2362 2883 quales
2408 2799 2635 2865 fuerint
2669 2817 2821 2883 quos

332 2901 674 2968 sacerdotio
717 2902 1130 2968 destinabitis.
1221 2902 1424 2984 Quare
1478 2904 1553 2968 ad
1618 2904 1924 2987 privatam
1980 2922 2433 2988 quamcumque
2479 2903 2820 2970 utilitatem

332 3009 677 3090 respectum
724 3025 799 3071 ne
848 3007 1172 3086 habetote;
1234 3007 1341 3074 sed
1400 3008 1578 3073 unice
1637 3009 1930 3092 spectetis
2001 3007 2195 3072 Deum
2261 3009 2325 3072 et
2373 3006 2708 3072 Ecclesiam
2757 3010 2822 3073 et

329 3112 708 3194 sempiterna
739 3111 1083 3178 animorum
1113 3113 1452 3190 commoda,
1498 3132 1572 3177 ne
1606 3113 1912 3191 videlicet,
1962 3113 2055 3178 uti
2087 3111 2418 3196 Apostolus
2465 3114 2813 3196 praecavet,

326 3218 787 3283 communicetis
822 3219 1100 3299 peccatis
1139 3218 1370 3285 alienis
1385 3219 1458 3302 ⁶).
1519 3254 1600 3266 —
1655 3218 1848 3284 Porro
1903 3217 2249 3284 sacerdotes
2309 3217 2541 3283 initiati
2607 3235 2818 3282 recens

329 3323 518 3404 atque
559 3340 592 3385 e
638 3321 966 3387 seminario
1013 3322 1275 3406 digressi
1319 3322 1658 3388 industrias
1698 3326 1936 3388 vestras
1979 3342 2056 3387 ne
2101 3320 2475 3390 desiderent.
2570 3321 2706 3400 Εοε,
2748 3341 2821 3387 ex

329 3425 536 3490 animo
583 3426 922 3506 hortamur,
968 3427 1196 3510 pectori
1224 3430 1450 3506 vestro,
1496 3427 1660 3511 quod
1694 3427 1945 3493 coelesti
1989 3428 2135 3511 igne
2170 3426 2373 3493 calere
2403 3428 2664 3510 oportet,
2713 3424 2821 3492 ad—

331 3531 572 3595 movete
601 3530 862 3612 saepius,
910 3530 1243 3610 incendite,
1292 3529 1680 3598 inflammate
1730 3532 1801 3596 ut
1841 3530 1944 3597 uni
1977 3530 2107 3596 Deo
2151 3532 2214 3596 et
2258 3529 2446 3595 lucris
2476 3531 2820 3596 animorum

330 3634 594 3700 inhient.
658 3634 785 3699 Nos
818 3634 1123 3718 equidem,
1146 3634 1543 3701 Venerabiles
1560 3636 1830 3713 Fratres,
1863 3634 2338 3720 diligentissime
2366 3634 2822 3720 providebimus

328 3758 404 3804 ue
440 3739 716 3806 homines
746 3739 903 3804 sacri
933 3740 1083 3805 cleri
1131 3759 1200 3805 ex
1236 3739 1475 3806 insidiis
1505 3741 1832 3824 capiantur
1875 3759 2063 3807 novae
2109 3739 2430 3806 cuiusdam
2478 3758 2551 3806 ac
2580 3739 2825 3805 fallacis

329 3843 641 3923 scientiae,
675 3863 831 3927 quae
856 3843 1173 3909 Christum
1210 3862 1324 3910 non
1363 3843 1617 3923 redolet,
1661 3864 1956 3929 quaeque,
1993 3844 2219 3910 fucatis
2253 3846 2602 3929 astutiaque
2635 3862 2821 3928 argu-

333 3948 573 4024 mentis,
620 3950 1055 4017 rationalismi
1098 3951 1211 4015 aut
1257 3949 1880 4018 semirationalisimi
1939 3968 2175 4015 errores
2222 3949 2511 4016 invehere
2557 3949 2812 4027 nititur;

330 4067 480 4131 quos
527 4053 596 4114 ut
641 4057 889 4118 caveret
934 4054 1055 4120 iam
1101 4054 1439 4137 Apostolus
1471 4054 1869 4121 Timotheum
1903 4054 2209 4134 monebat,
2255 4054 2561 4120 scribens:
2609 4054 2825 4136 Depo·

329 4154 525 4219 situm
555 4157 813 4234 custodi,
857 4158 1147 4224 devitans
1173 4160 1488 4242 profanas
1530 4179 1746 4227 vocum
1775 4159 2077 4226 novitates
2120 4164 2177 4225 et
2215 4162 2641 4242 oppositiones
2661 4159 2822 4242 salsi

327 4260 603 4326 nominis
626 4262 944 4342 scientiae,
980 4283 1171 4347 quam
1195 4264 1453 4347 quidam
1465 4268 1923 4348 promittentes,
1951 4265 2124 4330 circa
2142 4264 2334 4347 tidem
2363 4264 2736 4330 exciderunt
2746 4262 2817 4348 ⁷).

328 4362 465 4429 Hoc
509 4365 720 4430 tamen
754 4384 872 4430 uon
920 4366 1294 4453 impedimur
1335 4387 1458 4454 quo
1490 4369 1697 4434 minus
1737 4368 1921 4435 laude
1951 4368 2172 4453 dignos
2217 4367 2637 4435 existimemus
2675 4366 2819 4431 illos

327 4487 359 4533 e
406 4469 828 4536 sacerdotibus
891 4471 1262 4552 iunioribus,
1323 4474 1427 4557 qui
1477 4473 1727 4539 utilium
1775 4472 2193 4539 doctrinarum
2254 4472 2485 4552 studia,
2546 4471 2610 4536 in
2653 4470 2820 4538 omni

537 4634 588 4706 1)
628 4635 748 4692 eal.
787 4636 884 4701 1v,
923 4637 1004 4694 19.
1045 4667 1108 4676 -
1150 4639 1207 4706 2)
1232 4639 1353 4696 sal.
1393 4639 1461 4705 n,
1501 4639 1585 4695 20.
1625 4668 1690 4679 -
1725 4639 1782 4709 s)
1806 4638 1951 4694 Phili
2028 4638 2110 4705 .1,
2137 4639 2222 4694 21.
2261 4668 2327 4678 -
2358 4637 2415 4708 4)
2441 4636 2821 4708 Ephes.1v,3.

328 4735 394 4746 -
435 4706 489 4774 5)
528 4705 554 4760 1
592 4706 731 4762 Tim.
766 4707 830 4773 v,
869 4708 953 4763 22.
990 4735 1057 4747 -
1097 4708 1153 4777 s)
1190 4708 1328 4765 nno.
1369 4739 1435 4751 -
1476 4710 1530 4780 7)
1568 4709 1599 4764 1
1633 4709 1772 4766 Tim.
1809 4709 1906 4773 vl.
2013 4749 2027 4765 .
2064 4724 2106 4763 ι.
