3303 5013
498 276 626 341 266
1338 292 1687 348 Ktrchliche
1730 288 2133 348 Antenorem

1016 486 1082 553 8.
1145 485 1703 568 Persolviernng
1741 475 2163 568 gestifteter
2208 482 2447 551 Messe.

706 625 1271 692 Messfundationen
1319 625 1512 691 sollen
1557 624 1738 689 keine
1785 623 1960 700 Last,
2025 620 2284 688 sondern
2343 621 2480 688 eine
2537 621 2826 687 Wohltat
2883 620 2988 685 ffir

498 729 597 795 die
644 729 905 807 Kirche‚
972 731 1033 794 in
1090 728 1350 795 welcber
1394 727 1483 794 sie
1531 727 1815 812 gestittet
1858 726 2131 804 werden,
2178 726 2329 791 sein.
2419 724 2766 793 Jedenfalls
2810 742 2986 789 mnss

496 833 663 900 diese
724 833 1037 901 intention
1097 833 1203 900 des
1263 833 1517 900 Stifters
1577 831 1954 917 prasumiert
2013 830 2273 896 werden.
2369 830 2558 896 Unter
2603 829 2800 894 dieser
2848 826 2984 894 An-

498 939 722 1004 nahme
768 939 855 1005 ist
898 939 996 1004 die
1046 938 1510 1021 Entscbeidung
1555 937 1664 1003 der
1707 936 2056 1003 romischen
2086 934 2795 1018 Konzilsltongregation
2840 952 2980 998 vom

497 1046 599 1110 24.
634 1044 803 1108 Marz
841 1044 1006 1110 1902
1037 1064 1110 1109 zu
1142 1042 1486 1123 verstehen,
1538 1041 1817 1108 wornach
1866 1039 2005 1106 de’m
2057 1038 2514 1106 Fi'irstbischofe
2556 1057 2670 1104 von
2723 1033 2982 1104 Breslan

494 1151 801 1234 gestattet
841 1149 1075 1227 wurde,
1123 1148 1207 1214 im
1254 1147 1429 1213 Falle
1474 1147 1795 1231 gestiftete
1836 1146 2079 1213 Messon
2127 1144 2299 1211 nicht
2347 1163 2459 1209 von
2506 1143 2622 1209 den
2672 1143 2982 1208 Rektoren

496 1252 606 1317 der
669 1253 825 1319 betr.
900 1253 1125 1319 Kirche
1195 1252 1441 1338 gelesen
1509 1252 1750 1318 werden
1823 1251 2101 1328 konnen,
2163 1268 2280 1314 nur
2339 1250 2449 1314 das
2494 1247 2983 1332 entsprechende

495 1356 884 1441 Stipendium
946 1358 1045 1424 fiir
1112 1357 1230 1422 den
1296 1356 1684 1423 Geistlichen
1747 1355 2139 1439 abzugeben,
2204 1353 2483 1438 dagegen
2547 1352 2664 1417 den
2722 1351 2822 1417 fiir
2880 1351 2983 1416 die

496 1462 993 1542 Kircbenfabrik,
1038 1462 1282 1528 Mesner
1320 1463 1439 1527 etc.
1482 1461 1882 1527 bestimmten
1931 1459 2067 1525 Teil
2113 1459 2320 1524 diesen
2361 1477 2434 1522 zu
2476 1458 2776 1523 belassen.
2864 1455 2982 1521 Die

493 1565 988 1651 diesbeziigliclie
1033 1568 1439 1633 interessente
1484 1565 1722 1644 Causa,
1787 1565 1897 1630 wie
1959 1565 2048 1631 sie
2103 1583 2218 1630 von
2265 1563 2382 1631 den
2430 1561 2731 1628 Analecta
2773 1560 2973 1627 eccle—

491 1672 742 1738 siastica
786 1671 1087 1756 gebracht
1137 1672 1307 1748 wird,
1353 1671 1586 1737 lautet:

699 1786 1005 1868 Georgius
1050 1784 1402 1852 Cardinalis
1453 1783 1649 1868 Kopp,
1704 1783 1997 1867 Princeps
2045 1782 2378 1865 Episcopus
2424 1779 2978 1858 wratislaviensis,

494 1890 643 1954 haec
692 1890 1036 1955 humillime
1081 1889 1361 1973 exponit:
1433 1890 1586 1954 »Die
1643 1890 1750 1955 23.
1798 1887 2178 1972 Septembris
2227 1886 2394 1953 1895
2439 1884 2501 1952 S.
2545 1885 2771 1969 Congr.
2819 1885 2978 1950 Con·

491 1993 620 2058 cilii
665 1994 741 2057 ad
784 1994 1038 2058 dubium
1092 1995 1245 2060 Emi
1294 1994 1755 2078 Arcbiepiscopi
1802 1992 2215 2059 coloniensis:

705 2108 1027 2185 »„utrum,
1090 2107 1332 2190 quando
1390 2107 1612 2172 missae
1678 2105 1975 2172 fundatae
2038 2103 2554 2170 transmittuntur
2599 2102 2676 2168 ad
2724 2101 2973 2167 Curiam

492 2210 1129 2294 Archiepiscopalem,
1196 2214 1436 2294 praeter
1491 2210 1798 2295 stipendia
1856 2210 2185 2275 missarum
2239 2208 2586 2275 transmitti
2633 2207 2821 2272 etiam
2869 2205 2976 2270 de·

492 2316 675 2381 beant
726 2317 1032 2398 portiones
1079 2335 1150 2381 ex
1197 2315 1497 2381 reditibus
1542 2315 1976 2381 fundationum
2023 2315 2375 2398 assignatae
2438 2312 2715 2388 fabricis,
2778 2311 2976 2376 eccle-

491 2420 618 2485 siae
666 2420 985 2496 ministriS,
1033 2420 1331 2496 sacristia,
1379 2421 1716 2504 organistis
1761 2421 1878 2487 etc.
1934 2419 1995 2483 in
2044 2419 2247 2484 missis
2285 2416 2611 2484 cantandis
2656 2415 2750 2482 vel
2781 2416 2971 2481 etiam

492 2525 769 2607 legendis
831 2525 1037 2610 aliquo
1096 2527 1275 2590 modo
1334 2525 1839 2610 cooperantibuS,
1902 2526 1996 2590 vel
2062 2525 2264 2609 potius
2327 2523 2556 2589 eisdem
2619 2520 2965 2606 relinquiP⁸

488 2631 835 2714 respondit:
892 2630 1267 2715 ¹,portionem
1316 2630 1565 2697 fabricis
1611 2629 2009 2697 ecclesiarum
2054 2629 2336 2714 legitime
2381 2628 2764 2713 assignatam
2819 2626 2974 2709 ipsis

489 2754 664 2819 posse
708 2742 1085 2805 remanere“.

702 2847 891 2915 »Cum
951 2848 1089 2914 dein
1155 2849 1374 2916 Rmus
1437 2849 1772 2933 Episcopus
1818 2847 2230 2915 Hildesiensis
2273 2848 2388 2914 sub
2435 2847 2535 2913 die
2584 2847 2636 2914 1.
2687 2846 2977 2915 Octobris

492 2950 658 3017 1895
703 2953 1131 3037 supplicasset,
1174 2956 1245 3019 ut
1288 2974 1396 3037 pro
1442 2953 1712 3020 aedituis
1758 2974 1995 3038 quoque
2041 2954 2385 3037 ceterisque
2432 2951 2736 3019 ministris
2776 2952 2975 3036 portio

488 3060 694 3141 posset
736 3058 1010 3135 retineri,
1055 3057 1117 3124 S.
1162 3059 1384 3143 Congr.
1434 3058 1696 3124 Concilii
1744 3058 1842 3123 die
1888 3060 1990 3123 21.
2042 3057 2315 3125 Ianuarii
2363 3057 2533 3123 1896
2579 3056 2924 3142 respondit:

699 3189 886 3253 »„pro
934 3170 1137 3236 missis
1182 3171 1361 3237 lectis
1395 3171 1648 3236 retineri
1681 3191 1854 3255 posse
1885 3172 2092 3237 favore
2124 3171 2549 3238 ministrorum
2579 3172 2642 3237 et
2674 3170 2972 3237 ecclesiae

487 3273 952 3339 inservientium
1000 3293 1135 3338 eam
1170 3275 1481 3341 redituum
1523 3275 1889 3360 portionem,
1933 3296 2091 3360 quae
2124 3277 2187 3341 in
2213 3276 2427 3342 limine
2461 3276 2840 3342 fundationis
2870 3277 2968 3342 vel

485 3379 608 3444 alio
654 3379 935 3463 legitimo
980 3378 1159 3445 modo
1205 3380 1355 3464 ipsis
1393 3380 1716 3465 assignata
1760 3380 1914 3460 fuit,
1962 3381 2440 3465 independenter
2487 3382 2564 3447 ab
2606 3401 2785 3465 opere
2831 3401 2966 3465 spe·

484 3483 631 3548 ciali
680 3482 1043 3566 praestando
1086 3502 1194 3567 pro
1239 3484 1434 3570 legati
1480 3485 1980 3569 adimplemento.

697 3596 908 3681 »Quod
967 3596 1256 3663 ultimum
1315 3598 1684 3683 rescriptum
1731 3601 1922 3665 etiam
1968 3598 2434 3668 fundationibus
2479 3600 2965 3668 Archidioecesis

485 3700 833 3781 Colonien.,
887 3702 1113 3788 quippe
1174 3702 1236 3767 in
1279 3722 1404 3788 qua
1448 3703 1698 3769 eaedem
1746 3705 2016 3770 rationes
2058 3705 2364 3782 valerent,
2427 3706 2727 3790 applicari
2774 3725 2957 3791 posse,

484 3807 695 3872 eadem
738 3805 799 3875 S.
848 3806 1264 3893 congregatio
1309 3808 1422 3873 sub
1467 3807 1568 3873 die
1611 3810 1672 3874 8.
1720 3808 1993 3893 Augusti
2041 3810 2208 3874 1896
2245 3810 2510 3894 benigne
2549 3810 2830 3876 indulsit.

697 3921 922 3987 »Porro
989 3920 1239 3987 eaedem
1301 3940 1551 4005 prorsus
1614 3922 1885 3988 rationes
1949 3942 2055 4006 pro
2131 3923 2594 3990 fundationibus
2672 3923 2967 3990 dioecesis

486 4025 946 4092 Wratislavien.
970 4075 986 4106 ,
1049 4026 1259 4093 valent
1316 4033 1375 4093 et
1431 4026 1701 4104 accedit,
1763 4026 1921 4111 qnod
1970 4028 2280 4111 portiones
2325 4048 2395 4094 ex
2439 4028 2644 4094 missis
2688 4027 2965 4094 fundatis

481 4133 610 4194 tam
655 4129 932 4212 legendis
974 4149 1155 4214 quam
1204 4130 1530 4197 cantandis
1576 4132 1856 4198 sacristis
1903 4134 1968 4197 et
2013 4131 2375 4215 praesertim
2423 4131 2756 4216 organistis
2798 4152 2961 4199 com-

482 4236 759 4317 petentes
819 4252 857 4298 a
918 4235 1110 4318 Regio
1168 4235 1477 4303 Gubernio
1537 4238 1896 4322 plerumque
1953 4237 2044 4321 (ni
2101 4237 2368 4322 semper)
2429 4240 2499 4303 ut
2554 4257 2693 4321 pars
2748 4237 2960 4304 salarii

480 4339 664 4404 dictis
713 4337 984 4421 personis
1028 4339 1433 4424 competentis
1480 4344 1905 4422 numerantur,
1954 4341 2046 4409 ita
2092 4345 2183 4419 ut,
2223 4341 2469 4425 quando
2514 4342 2816 4426 parochus
2844 4342 2961 4406 im-

481 4444 726 4526 peditus
770 4442 1096 4527 quominus
1137 4443 1526 4511 fundationes
1586 4446 1650 4511 in
1716 4447 1963 4531 propria
2023 4445 2313 4530 parochia
2370 4445 2716 4530 persolvat,
2776 4444 2960 4512 simul

479 4565 619 4611 cum
670 4548 873 4612 missis
916 4549 1116 4611 totum
1163 4547 1560 4631 stipendium,
1603 4550 1643 4616 i.
1691 4569 1741 4615 e.
1782 4570 1994 4616 omnes
2034 4551 2270 4617 reditus
2313 4551 2689 4635 respectivae
2735 4550 2960 4617 funda-

480 4650 666 4714 tionis
735 4650 1160 4717 transmittere
1216 4651 1501 4733 deberet,
1568 4654 1874 4738 portiones
1933 4656 2245 4738 sacristiS,
2312 4656 2646 4743 organistis
2701 4655 2961 4743 aliisque
