3303 5013
1066 371 1073 380 ,
1170 299 1306 354 und
1340 295 1899 367 &ueheidunyem
2659 280 2774 345 107

281 475 409 539 tem
456 472 659 538 ratam
709 472 1040 539 babuimus
1083 473 1147 537 et
1192 470 1715 549 confirmavimus,
1781 470 1887 537 sed
1942 471 2132 539 etiam
2194 471 2358 539 bunc
2413 472 2613 557 ipsum
2661 472 2777 541 Or-

279 577 495 643 dinem
546 578 943 645 antonomum
989 594 1152 654 esse,
1222 575 1338 642 sub
1414 575 1594 641 unius
1659 574 2051 659 Apostolicae
2110 574 2286 642 Sedis
2345 576 2774 661 dependentia,

277 680 477 747 salvis
524 680 763 747 iuribus
800 679 1270 749 Ordinariorum
1318 679 1590 746 locorum
1639 680 1811 745 iuxta
1855 678 2342 749 constitutiones
2386 680 2775 766 Apostolicas

276 789 343 854 et
369 785 689 865 Instituti,
735 784 1203 862 declaravimus,
1254 783 1651 850 decernentes
1684 786 1755 850 ut
1786 785 1993 849 cetera
2024 784 2452 868 capitulariter
2484 788 2770 870 proposta

273 891 705 956 insererentur
770 889 1329 957 constitutionibus
1394 889 1555 955 infra
1622 908 1850 955 annum
1922 887 2146 956 Sacrae
2216 889 2650 975 Episcoporum
2710 894 2773 957 et

274 994 694 1081 Regularinm
770 993 1253 1079 congregationi
1327 993 1704 1061 exhibendis.
1824 993 1979 1060 cnm
2052 1012 2192 1060 vero
2269 993 2772 1075 constitutiones,

274 1117 432 1183 quas
483 1099 1000 1178 memoravimus,
1069 1099 1146 1165 ab
1212 1098 1425 1166 eadem
1495 1097 1683 1165 Sacra
1752 1097 2242 1183 Congregatione
2301 1102 2474 1166 rat-ae
2523 1099 2774 1166 habitae

274 1204 442 1280 sint,
494 1206 744 1288 tempus
789 1204 999 1270 autem
1045 1203 1250 1270 adhuc
1294 1222 1485 1288 usqne
1530 1204 1813 1270 exactum
1860 1203 2061 1288 operis
2100 1202 2354 1287 perfecti
2398 1203 2771 1288 gravitatem

276 1309 780 1389 confirmaverit,
851 1309 1117 1375 dilectus
1172 1309 1369 1375 Filius
1411 1307 1816 1375 Sebastianus
1862 1306 2121 1393 Wyart,
2195 1308 2403 1374 Abbas
2449 1307 2772 1375 Generalis

274 1414 430 1480 dicti
480 1412 755 1492 Ordinis,
805 1413 1000 1480 Nobis
1046 1412 1344 1481 demissas
1389 1431 1598 1498 preces
1628 1410 2227 1497 supplicationesque
2268 1413 2554 1496 porrexit,
2597 1415 2667 1479 ut
2694 1411 2772 1479 ad

273 1518 583 1585 maiorem
628 1516 902 1584 eiusdem
964 1516 1214 1584 Ordinis
1271 1517 1683 1584 stabilitatem
1744 1514 2108 1581 firmandam
2167 1516 2353 1600 atque
2424 1516 2771 1583 animorum

276 1622 627 1689 utilitatem
677 1620 1039 1701 fovendam,
1109 1640 1226 1690 non
1304 1622 1504 1689 solum
1567 1620 2127 1688 Constitutionibus
2187 1619 2338 1705 ipsis
2380 1620 2771 1704 Apostolicae

275 1725 768 1794 confirmationis
813 1726 997 1793 robur
1040 1724 1339 1805 adiicere,
1403 1725 1510 1792 sed
1563 1729 1628 1793 et
1689 1725 1766 1791 de
1811 1724 2151 1809 privilegiis
2196 1724 2273 1790 ad
2319 1725 2603 1792 eumdem
2650 1724 2765 1792 Or-

276 1832 488 1898 dinem
535 1830 961 1916 spectantibus
1002 1831 1327 1898 decernere
1366 1850 1439 1897 ac
1476 1829 1602 1896 alia
1646 1831 1907 1915 desuper
1950 1830 2289 1915 opportune
2334 1829 2650 1915 providere
2694 1829 2771 1896 de

274 1936 671 2022 benignitate
718 1935 1077 2021 Apostolica
1121 1935 1536 2020 dignaremur.
1627 1936 1777 2013 Nos,
1837 1935 2052 2024 igitur.
2077 1931 2603 2006 ‚cisterciensium
2649 1935 2770 2003 Re-

284 2041 694 2108 formatorum
739 2040 935 2125 quieti
982 2043 1046 2107 et
1084 2059 1374 2125 prospero
1419 2041 1615 2107 statui
1661 2039 1928 2125 amplius
1973 2040 2326 2119 consulere,
2382 2058 2636 2125 eosque,
2698 2043 2771 2105 ut

284 2147 358 2212 ad
410 2146 528 2213 Dei
577 2146 823 2212 landem
869 2147 933 2213 et
984 2144 1498 2215 christifidelium
1557 2145 2013 2218 aedifiationem
2076 2143 2456 2211 felicioribus
2515 2145 2576 2209 in
2638 2142 2769 2210 dies

282 2250 578 2335 proficere
626 2251 875 2317 valeant
919 2250 1335 2328 incrementis,
1381 2249 1751 2333 specialibus
1796 2249 2110 2316 favoribus
2141 2252 2205 2315 et
2237 2248 2459 2334 gratiis
2487 2247 2768 2332 prosequi

284 2356 579 2435 volentes,
627 2373 860 2421 necnon
904 2353 1185 2439 singulas
1233 2354 1502 2420 Abbatis
1548 2352 1893 2434 Generalis,
1938 2353 2321 2437 aliorumque
2350 2353 2671 2419 Abbatum
2703 2354 2766 2418 et

282 2460 729 2527 Monacborum
779 2459 1232 2543 praedictorum
1277 2477 1564 2543 personas
1595 2477 1633 2525 a
1662 2458 1980 2543 quibusvis
2020 2456 2666 2525 excommunicationis
2705 2457 2769 2523 et

282 2563 625 2642 interdicti,
691 2563 953 2648 aliisque
998 2563 1436 2631 ecclesiasticis
1480 2563 1756 2631 censuris
1798 2562 2121 2630 sententiis
2173 2565 2238 2629 et
2280 2562 2505 2647 poenis,
2552 2561 2768 2645 quovis

285 2668 458 2736 modo
503 2668 606 2736 vel
651 2669 868 2753 quavis
913 2669 988 2734 de
1031 2687 1222 2735 causa
1264 2668 1429 2748 latis,
1478 2669 1531 2734 si
1574 2687 1727 2752 quas
1772 2668 1930 2735 forte
1968 2668 2357 2746 incurrerint,
2406 2666 2591 2732 huius
2622 2668 2766 2732 tan-

281 2774 410 2839 tum
459 2773 548 2840 rei
596 2773 801 2858 gratia
847 2772 1234 2840 absolventes
1274 2774 1339 2840 et
1382 2773 1700 2840 absolutas
1745 2772 1875 2839 fore
1919 2773 2257 2850 censentes,
2304 2772 2381 2836 ad
2413 2770 2765 2837 huiusmodi

283 2877 759 2962 supplicationes
804 2877 1094 2944 benevole
1139 2877 1525 2962 excipiendas
1569 2877 1871 2957 inclinati,
1917 2876 2420 2956 constitutiones,
2451 2894 2607 2961 quas
2637 2874 2764 2941 iam

283 2979 579 3060 diximus,
644 2981 970 3065 omniaque
1035 2984 1101 3048 et
1164 2982 1409 3067 singula
1474 3000 1633 3066 quae
1695 2982 1756 3047 in
1802 2981 1890 3048 eis
1932 2981 2343 3060 continentur,
2413 2978 2764 3065 Apostolica

285 3085 668 3164 auctoritate,
719 3084 1130 3169 praesentium
1173 3085 1553 3152 Litterarum
1600 3085 1682 3165 vi,
1733 3088 2021 3169 perpetuo
2067 3085 2476 3169 approbamus
2521 3087 2585 3150 et
2615 3103 2758 3150 con-

286 3186 620 3267 firmamus,
661 3189 909 3274 illisque
956 3192 1287 3274 perpetuae
1327 3192 1390 3257 et
1427 3190 1805 3256 inviolabilis
1855 3190 2247 3275 Apostolicae
2301 3188 2620 3255 firmitatis
2663 3208 2760 3254 ro-

284 3290 395 3358 bur
449 3292 797 3361 adiicimus.
904 3295 1232 3362 Praeterea
1297 3296 1602 3362 statutam
1670 3295 1968 3362 Unionem
2038 3295 2200 3362 inter
2262 3293 2763 3362 cisterciensium

284 3394 747 3480 Trappistarum
789 3396 1227 3465 observantias
1277 3399 1816 3467 Westmallensem
1837 3448 1853 3479 ‚
1919 3398 2431 3483 septemfontium
2497 3401 2559 3464 et
2607 3398 2766 3464 Mel-

285 3497 639 3579 learensem,
694 3502 1170 3587 earumdemque
1212 3503 1278 3569 in
1322 3523 1513 3568 unum
1562 3502 1855 3570 Ordinem
1899 3504 2012 3570 sub
2054 3504 2237 3570 unius
2281 3502 2623 3589 Superioris
2668 3522 2762 3570 re-

288 3601 509 3685 gimine
549 3606 917 3672 erectionem
959 3606 1184 3673 iterum
1250 3608 1657 3692 approbantes
1716 3611 1780 3674 et
1840 3607 2308 3686 confirmantes,
2366 3608 2646 3675 volumus
2690 3627 2763 3674 ac

287 3707 632 3789 statuimus,
681 3713 751 3777 nt
789 3710 988 3777 eidem
1030 3710 1247 3779 Ordini
1280 3715 1493 3797 postea
1526 3713 1639 3780 hoc
1674 3733 1891 3779 nomen
1922 3714 2006 3780 sit
2044 3714 2217 3783 Ordo
2246 3711 2761 3782 cisterciensium

289 3810 781 3894 Relomatorum
848 3833 956 3881 seu
1023 3815 1377 3884 Strictioris
1445 3816 1926 3897 observantiae,
1992 3817 2285 3902 illiusque
2352 3817 2633 3901 princeps
2698 3818 2763 3884 et

292 3914 508 3985 bonore
554 3921 618 3986 et
648 3920 1021 3987 auctoritate
1056 3921 1306 4003 Domus,
1337 3920 1648 4006 Sedesque
1679 3922 1983 3989 'titularis
2013 3922 2075 3988 in
2110 3925 2468 4008 perpetuum
2501 3922 2761 3989 cuilibet

292 4019 511 4087 Abbati
555 4021 843 4091 Generali
888 4025 1160 4092 eiusdem
1207 4024 1459 4094 Ordinis
1501 4027 1586 4092 sit
1629 4027 2075 4094 Monasterium
2136 4027 2422 4094 Cistercii
2477 4030 2657 4093 vetus
2700 4030 2763 4093 et

291 4122 538 4205 clarum,
598 4127 758 4195 unde
816 4128 1242 4198 cisterciensis
1303 4132 1569 4198 Familia
1626 4133 1879 4199 initium
1941 4132 2135 4199 duxit.
2231 4134 2461 4199 Abbati
2509 4133 2761 4217 insuper

291 4224 571 4296 Generali
617 4232 875 4318 aliisque
922 4235 1270 4302 Abbatibus
1315 4238 1381 4302 et
1422 4235 1752 4304 Sodalibus
1813 4236 2189 4303 Reformatis
2248 4257 2356 4303 seu
2417 4236 2762 4306 Strictioris

292 4328 756 4416 observantiae,
804 4339 1019 4421 utpote
1063 4340 1169 4422 qui
1215 4358 1336 4406 non
1379 4340 1699 4420 obstante,
1744 4360 1930 4426 qnam
1978 4342 2486 4423 memoravimus,
2537 4343 2759 4411 unione

295 4437 354 4499 et
393 4435 455 4500 in
494 4457 679 4506 unum
725 4438 1013 4508 Ordinem
1057 4445 1455 4511 antonomum
1503 4446 1978 4527 constitutione,
2040 4466 2158 4514 non
2219 4466 2395 4514 secus
2432 4466 2506 4515 ac
2550 4448 2761 4515 Abbas

295 4534 637 4623 Generalis,
692 4544 920 4629 aliique
978 4546 1258 4615 Abbates
1302 4553 1364 4617 et
1409 4549 1662 4617 Sodales
1703 4551 2145 4620 observantiae
2191 4552 2584 4634 communis,
2632 4554 2759 4621 sint

298 4644 357 4706 et
398 4651 795 4728 permaneant
838 4650 963 4716 veri
1008 4650 1279 4719 eiusdem
1330 4654 1630 4721 Familiae
1663 4653 2093 4724 cisterciensis
2125 4657 2380 4736 alumni,
2427 4658 2756 4742 privilegia
