3303 5013
2686 301 2814 372 255

324 735 444 820 Π.
497 735 1034 820 Kirchllche
1087 732 1701 820 Aktenstiicke
1755 734 1939 819 und
1993 732 2807 833 Entscheldungen.

376 1022 432 1091 1.
498 1024 788 1105 neh-et,
840 1024 1063 1093 durch
1109 1026 1410 1095 welches
1455 1026 1570 1095 die
1615 1044 1792 1094 neue
1831 1026 2154 1109 Ausgabe
2200 1024 2321 1092 des
2360 1020 2537 1093 riim.
2589 1021 2766 1090 Mar-

972 1131 1453 1216 tyrologiums
1497 1132 1922 1218 approbiert
1963 1129 2159 1200 wil-d.

531 1271 825 1336 Praesens
867 1270 1378 1356 Martyrologium
1420 1272 1751 1339 novissime
1785 1269 2169 1355 recognitum
2199 1270 2265 1334 et
2295 1270 2573 1345 auctum,
2619 1266 2810 1331 Sacra

314 1374 576 1439 Bituum
648 1373 1079 1459 congregatio,
1152 1377 1449 1459 probante
1522 1375 1927 1441 sanctissimo
2000 1374 2262 1440 Domino
2326 1374 2557 1438 Nostro
2611 1371 2807 1436 Leone

319 1478 489 1561 Papa
522 1477 721 1558 xm„
768 1480 1040 1563 imprimi
1087 1481 1361 1546 decrevit
1409 1499 1516 1563 per
1560 1480 2062 1566 Typographiam
2119 1477 2535 1563 Polyglottam
2583 1475 2806 1542 Sacrae

319 1581 830 1666 congregationis
873 1584 951 1650 de
1001 1585 1407 1668 Propaganda
1453 1585 1636 1651 Fide:
1685 1585 2033 1667 statuitque
2080 1582 2159 1648 ab
2206 1581 2348 1647 aliis
2387 1580 2612 1664 ubique
2643 1581 2806 1646 loco·

322 1705 457 1751 rum
499 1687 787 1772 deinceps
832 1689 1000 1774 typis
1043 1689 1143 1754 edi
1189 1708 1309 1755 non
1347 1708 1525 1774 posse
1566 1690 1688 1755 nisi
1719 1689 2049 1755 accedente
2088 1687 2461 1753 auctoritate
2493 1684 2806 1752 Ordinarii

316 1789 438 1856 loci
481 1793 546 1857 et
586 1793 834 1859 omnino
878 1794 957 1859 ad
1002 1812 1284 1861 normam
1330 1794 1512 1860 buius
1554 1794 1943 1878 exemplaris.

524 1896 638 1962 Die
690 1898 744 1964 1.
796 1897 951 1964 Maii
1001 1899 1188 1965 1902.

1109 2003 1198 2071 D.
1241 2003 1424 2073 Card.
1470 2005 1766 2084 Ferrato,
1818 2004 2019 2071 Praef.

525 2107 597 2175 L.
642 2107 684 2194 †
721 2106 783 2177 S.
1274 2108 1363 2176 D.
1415 2109 1665 2192 Punici,
1712 2109 2002 2194 Archiep.
2049 2106 2394 2188 Laodicen„
2442 2104 2670 2175 Secret.

455 2385 519 2461 2.
580 2387 860 2473 Lesung
904 2388 1030 2455 der
1067 2388 1173 2457 hl.
1218 2389 1439 2459 lesse
1482 2391 1559 2458 ln
1603 2389 1934 2460 Kablnen
1975 2390 2108 2458 aut
2148 2390 2284 2459 den
2326 2386 2660 2459 Semnan.

517 2528 833 2613 Folgende
894 2529 1248 2614 Erklaruug
1309 2550 1449 2595 zum
1514 2531 1748 2597 Dekret
1808 2550 1945 2597 vom
2012 2532 2070 2596 1.
2127 2530 2305 2596 Mara
2348 2530 2516 2596 1902
2578 2529 2801 2616 (vergi.

312 2633 502 2699 Arch.
542 2632 651 2700 Bd.
684 2634 762 2698 81
812 2633 1037 2717 (1902)
1078 2632 1138 2700 S.
1174 2634 1348 2717 534),
1392 2635 1587 2700 durch
1637 2636 1901 2702 welches
1947 2634 2057 2701 das
2106 2635 2296 2701 Leseu
2334 2635 2441 2701 der
2476 2634 2561 2700 bl.
2597 2633 2802 2700 Messe

307 2738 374 2802 in
420 2736 704 2803 Kabinen
751 2738 859 2804 auf
902 2738 1017 2804 den
1063 2737 1334 2805 Schiffen
1381 2740 1674 2806 vei-boten
1724 2741 1954 2820 warde,
2003 2740 2243 2824 besagt,
2293 2738 2437 2805 dass
2481 2739 2594 2805 das
2642 2738 2799 2804 Ver-

309 2844 420 2909 bot
466 2841 605 2907 kein
652 2843 966 2909 absolutes
1012 2844 1123 2911 sei.

1728 2949 1924 3016 Roma
1970 2951 2068 3016 13.
2117 2949 2355 3033 Agosto
2401 2947 2592 3014 1902.

828 3071 1042 3139 1l1.me
1083 3090 1161 3138 ac
1201 3072 1455 3141 Reme
1498 3071 1792 3152 Domine,

517 3193 690 3277 Quod
757 3213 864 3279 per
930 3195 1260 3260 Decretum
1327 3193 1389 3264 S.
1450 3194 1632 3261 huius
1695 3194 2205 3281 Congregationis
2263 3194 2388 3261 diei
2449 3196 2511 3261 1.
2575 3193 2796 3260 Martii

308 3299 601 3364 vertentis
660 3299 806 3364 anni
874 3301 971 3365 est
1037 3301 1291 3367 cautum
1359 3318 1540 3384 super
1601 3300 2014 3367 celebratione
2075 3300 2300 3367 missae
2379 3298 2443 3365 in
2516 3299 2798 3378 navibus,

308 3404 557 3469 tautum
617 3403 870 3488 respicit
932 3404 1162 3471 abusus
1219 3404 1361 3470 illos
1430 3406 1536 3489 qui
1604 3405 1934 3484 orirentur,
1999 3405 2052 3470 si
2112 3405 2177 3472 in
2238 3404 2496 3489 privatis
2556 3403 2799 3470 cellulis

306 3509 632 3589 viatorum,
682 3509 896 3575 usibus
943 3509 1108 3575 vitae
1139 3509 1488 3590 destinatis,
1536 3509 1892 3576 indecenter
1922 3509 2247 3578 offerretur
2283 3510 2796 3596 augustissimum

305 3612 691 3680 Sacrificium
737 3613 987 3680 Missae.
1077 3614 1215 3680 Non
1278 3616 1489 3681 autem
1545 3615 1828 3682 absolute
1873 3615 2210 3683 celebratio
2254 3615 2318 3680 in
2363 3615 2541 3681 cellis
2584 3613 2795 3699 prohi-

302 3719 439 3785 bita
495 3721 616 3798 est,
688 3719 933 3804 quando
1000 3718 1296 3785 adiuncta
1355 3719 1565 3785 omnia
1618 3723 1976 3788 removeant
2020 3720 2454 3788 irreverentiae
2498 3718 2793 3803 pericula.

304 3823 716 3905 Quamobrem
776 3823 973 3890 firmis
1036 3824 1426 3891 manentibus
1496 3825 1745 3892 Deci-eti
1814 3824 2111 3909 praedicti
2140 3877 2162 3900 s
2182 3823 2795 3909 praescriptionibus,

306 3927 458 3995 velit
515 3928 879 4013 Amplitudo
933 3928 1068 3994 Tua
1124 3929 1291 3996 idem
1353 3929 1590 3996 sincero
1639 3949 1824 3997 sensu
1868 3929 2222 4016 intelligere
2261 3949 2335 3996 ac
2378 3927 2795 3995 missionarios

308 4031 437 4099 sine
475 4051 665 4100 causa
706 4033 993 4100 turbatos
1034 4033 1276 4119 quietos
1323 4035 1544 4102 iacere.

511 4138 646 4225 Ego
684 4156 828 4206 vero
869 4138 1068 4205 Deum
1111 4158 1260 4225 rogo
1305 4143 1380 4206 ut
1416 4139 1505 4206 'l'e
1550 4139 1657 4206 diu
1703 4142 1908 4207 servet
1950 4159 2025 4208 ac
2068 4140 2347 4226 sospitet.

816 4241 1265 4327 Amplitudinis
1311 4243 1485 4311 Tuae
1530 4244 1997 4312 addictissimus
2041 4263 2274 4313 servus.

1078 4350 1195 4415 Pro
1241 4348 1443 4416 Emin.
1491 4348 1675 4416 Card.
1723 4349 2045 4417 Praefecto

1711 4455 2000 4523 Aloisius
2056 4456 2301 4532 νοσσία,
2347 4453 2579 4522 Secret.

391 4555 467 4622 B.
515 4558 586 4625 P.
632 4558 707 4624 D.
751 4557 971 4624 Ioanni
1015 4559 1066 4624 B
1110 4557 1303 4626 Gazet

318 4641 451 4710 Vic.
499 4646 716 4729 Aposi.
767 4645 1142 4730 Madaya-sc.
1193 4645 1402 4714 Gentr.
