3303 5013
471 237 614 313 ³270
1332 252 1680 315 Rirchliche
1720 252 2124 315 Aktenstacke

695 435 850 503 »Sed
898 455 1037 501 cum
1085 433 1409 518 postremis
1447 432 1617 497 bisce
1648 432 1824 497 annis
1855 431 2249 498 constiterint
2279 430 2586 496 salutares
2616 428 2990 496 huiusmodi

481 541 912 625 dispositiones
952 539 1303 625 ignorantia
1348 540 1458 604 aut
1501 536 1748 601 malitia
1796 537 2108 621 neglectas
2155 535 2346 601 fuisse
2381 586 2397 601 .
2430 586 2446 602 .
2480 586 2495 602 .
2543 535 2702 603 ami
2752 534 2987 600 Patres

475 645 546 714 Β.
580 646 649 712 C.
685 695 701 712 .
735 695 750 710 .
786 697 802 713 .
850 645 915 710 in
955 642 1188 727 duplici
1227 641 1502 727 generali
1550 644 1854 706 conventu
1895 641 2081 706 officii
2130 640 2227 705 sui
2267 659 2399 705 esse
2437 639 2761 719 duxerunt,
2807 639 2985 723 quod

483 751 717 835 pridem
780 750 1095 815 decretum
1158 749 1291 812 erat
1347 746 1411 810 in
1469 746 1713 828 plenam
1759 746 2243 822 observantiam,
2303 743 2502 810 denuo
2549 743 2710 828 apud
2758 762 2989 809 omues

482 873 768 921 revocare
819 904 830 918 .
883 907 896 921 .
950 906 960 919 .

697 959 1061 1023 »Praeterea
1132 957 1316 1022 iidem
1386 956 1546 1023 Emi
1621 956 1837 1021 Patres
1905 956 2297 1021 inhaerentes
2367 956 2872 1039 dispositionibus
2935 972 2987 1017 a

489 1065 777 1130 Romanis
814 1061 1235 1139 Pontificibus,
1265 1079 1338 1126 ac
1363 1060 1724 1144 praesertim
1760 1061 1837 1124 ab
1871 1059 2117 1125 Urbano
2147 1060 2320 1124 VIII.
2345 1064 2409 1124 et
2439 1060 2798 1125 Innocentio
2823 1058 2979 1123 XII.

483 1170 545 1235 in
594 1168 801 1235 Goust.
856 1167 1013 1235 Oum
1053 1187 1271 1250 saepe,
1334 1165 1490 1231 alias
1544 1165 1748 1240 datis,
1811 1165 1924 1229 sub
1984 1166 2158 1249 gravi
2217 1164 2602 1230 obedientiae
2648 1166 2982 1248 praecepto

485 1273 824 1339 decernunt
893 1290 968 1338 ac
1033 1269 1333 1336 mandant
1402 1272 1472 1333 ut
1532 1269 1594 1333 in
1663 1271 1974 1352 posterum
2043 1288 2254 1335 omnes
2317 1270 2382 1334 et
2445 1268 2679 1353 singuli
2746 1268 2985 1351 ubique

485 1378 756 1443 locorum
804 1375 1155 1442 beneficiati
1196 1376 1259 1441 et
1288 1373 1827 1441 administratores
1861 1374 2103 1455 piarum
2139 1391 2465 1439 causarum
2497 1375 2608 1439 aut
2639 1374 2982 1457 utcumque

486 1482 563 1548 ad
611 1482 940 1548 missarum
985 1497 1171 1546 onera
1212 1478 1526 1562 implenda
1571 1478 1856 1561 obligati,
1904 1477 2032 1543 sive
2078 1477 2482 1544 ecclesiastici
2526 1478 2655 1544 sive
2693 1477 2860 1552 laici,
2909 1477 2979 1541 in

485 1587 607 1652 fine
650 1585 982 1650 cuiuslibet
1028 1583 1172 1648 anni
1224 1584 1559 1648 missarum
1617 1600 1801 1647 onera
1862 1601 2017 1665 quae
2084 1582 2321 1666 reliqua
2384 1572 2564 1661 subt,
2626 1584 2691 1648 et
2747 1582 2980 1666 quibus

486 1692 751 1758 nondum
797 1689 1215 1756 satisfecerint
1260 1687 1521 1772 propriis
1566 1685 1913 1753 Ordinariis
1962 1687 2214 1751 tradant
2257 1687 2430 1753 iuxta
2479 1688 2723 1752 modum
2770 1688 2847 1751 ab
2895 1686 2976 1752 iis

481 1794 918 1861 definiendum.

613 1956 618 1963 .
698 1900 1049 1982 »Denique,
1096 1899 1401 1964 revocatis
1446 1898 1934 1982 quibuscumque
1979 1898 2239 1964 indultis
2284 1902 2348 1964 et
2393 1898 2737 1982 privilegiis
2779 1917 2977 1982 usque

487 2023 646 2071 nunc
690 2004 1015 2082 concessis,
1058 2022 1216 2086 quae
1264 2002 1600 2086 praesentis
1654 2002 1886 2068 decreti
1935 2001 2440 2086 dispositionibus
2484 2007 2817 2087 utcumque
2863 2003 2975 2067 ad-

485 2112 827 2186 versentur,
874 2107 936 2175 S.
970 2108 1038 2173 C.
1086 2126 1269 2172 curae
1310 2106 1699 2191 singulorum
1745 2105 2214 2172 ordinariorum
2262 2108 2624 2188 committit,
2680 2110 2748 2172 ut
2794 2126 2974 2191 prae-

484 2234 624 2280 sens
667 2213 985 2278 decretum
1031 2211 1316 2276 omnibus
1360 2210 1796 2276 ecclesiasticis
1834 2262 1849 2279 .
1884 2263 1898 2278 .
1933 2260 1948 2276 .
1984 2215 2195 2278 notum
2242 2211 2506 2277 sollicite
2545 2212 2777 2278 faciant
2809 2264 2824 2279 .
2860 2262 2876 2277 .
2913 2239 2969 2280 ,ι

696 2317 970 2401 Epistola
1016 2315 1349 2381 Circularis
1388 2315 1470 2382 Η.
1519 2313 1577 2381 8.
1629 2315 1697 2382 C.
1744 2316 1864 2380 diei
1910 2316 2015 2382 28.
2057 2318 2221 2400 Aug.
2259 2316 2444 2395 1897,
2487 2317 2563 2381 ad
2612 2316 2977 2384 Ordinatios

489 2423 713 2489 Italiae
759 2422 1029 2501 directa,
1093 2420 1289 2486 denuo
1336 2420 1610 2486 inculcat
1655 2420 1936 2486 strictam
1984 2419 2438 2487 observantiam
2488 2422 2815 2488 anterioris
2863 2423 2973 2487 de-

484 2530 656 2607 creti,
709 2547 940 2594 necnon
987 2526 1372 2592 decretorum
1423 2523 1792 2607 (Urbaniani
1841 2529 1906 2590 et
1951 2525 2406 2614 Innocentiani)
2450 2527 2575 2593 iam
2616 2528 2973 2597 citatorum.

487 2634 705 2699 Allata
750 2631 1106 2698 testimonia
1151 2630 1300 2697 licet
1345 2630 1419 2695 de
1466 2630 1673 2695 missis
1719 2631 2114 2696 manualibus
2161 2632 2425 2716 intelligi
2484 2632 2832 2711 videantur,
2876 2639 2975 2699 at-

483 2741 692 2805 tamen
739 2757 810 2803 ex
856 2736 1113 2802 rationis
1159 2735 1490 2801 identitate
1537 2736 1730 2800 etiam
1776 2735 1850 2800 ad
1902 2737 2037 2820 pias
2080 2735 2409 2802 missarum
2453 2736 2849 2803 fundationes
2881 2758 2971 2802 re-

486 2842 630 2909 ferri
676 2842 925 2909 debent.

697 2946 881 3012 Hisce
929 2946 990 3011 in
1035 2946 1166 3011 iure
1213 2948 1578 3030 praeiactis,
1641 2966 1781 3012 cum
1848 2948 2058 3013 E.mus
2108 2947 2438 3032 Episcopus
2483 2949 2558 3013 ad
2609 2949 2972 3015 Pontificem

484 3052 851 3135 confugerit,
899 3051 1227 3116 videndum
1270 3055 1367 3115 est
1406 3070 1481 3114 an
1529 3070 1754 3115 causae
1793 3051 2002 3118 adsint
2032 3056 2104 3117 ut
2136 3054 2268 3117 eius
2297 3072 2505 3137 preces
2536 3053 2973 3123 admittantur.

485 3156 667 3222 'l'ales
711 3174 932 3220 causae
978 3175 1093 3221 non
1140 3158 1440 3238 apparent
1481 3173 1551 3219 eo
1597 3157 1798 3240 magis
1845 3157 1906 3219 in
1953 3158 2232 3222 themate
2287 3177 2347 3221 in
2394 3178 2514 3243 quo
2559 3178 2695 3223 cum
2747 3163 2977 3242 agatur

485 3260 561 3324 de
608 3259 989 3325 absolutione
1035 3258 1232 3342 quoad
1283 3258 1684 3342 praeteritum
1732 3265 1797 3323 et
1841 3260 1917 3323 de
1949 3260 2403 3344 dispensatione
2437 3264 2635 3346 quoad
2668 3262 2973 3344 futurum,

487 3385 559 3430 ea
602 3364 824 3448 agendi
869 3364 1028 3428 ratio
1072 3362 1316 3428 videtur
1359 3364 1641 3447 opposita
1674 3364 1888 3429 allatis
1920 3366 2484 3447 constitutionibus,
2529 3368 2786 3453 ideoque
2818 3369 2975 3435 tole-

488 3470 612 3536 rari
661 3468 824 3533 haud
875 3487 1068 3551 posse.

697 3572 938 3638 Etenim
993 3573 1278 3638 Rectores
1326 3572 1722 3639 ecclesiarum
1768 3577 1833 3640 et
1876 3576 2228 3643 sacerdotes
2273 3576 2503 3643 eisdem
2551 3578 2802 3656 addicti,
2852 3599 2970 3645 non

482 3678 684 3745 solum
732 3677 963 3743 habent
1004 3677 1100 3743 ius
1143 3678 1496 3744 celebrandi
1547 3679 1765 3745 missas
1810 3679 1872 3744 in
1920 3681 2280 3764 respectivis
2321 3682 2597 3749 ecclesiis
2642 3684 2967 3762 tundatas3

486 3782 593 3850 sed
638 3782 964 3866 imprimis,
1012 3782 1376 3848 nominatim
1426 3784 1733 3862 Rectores,
1778 3784 2009 3849 babent
2038 3786 2318 3851 strictam
2354 3787 2797 3872 obligationem
2830 3788 2969 3854 illas

484 3887 835 3953 celebrandi
883 3890 995 3951 aut
1034 3888 1286 3953 curandi
1339 3891 1407 3952 ut
1465 3907 1572 3971 per
1632 3889 1787 3955 alios
1847 3890 2269 3968 celebrentur,
2330 3895 2395 3956 et
2457 3892 2572 3959 hac
2624 3894 2973 3960 conditione

483 3994 961 4077 praesumuntur
1001 3992 1079 4057 ab
1128 3993 1306 4057 initio
1351 3996 1658 4076 acceptae.
1712 4032 1791 4043 —
1842 3994 2066 4059 Missae
2114 3995 2441 4075 fundatae,
2508 4016 2626 4064 non
2690 4003 2836 4064 sunt
2881 4019 2975 4065 or-

488 4097 739 4162 dinatae
784 4096 860 4162 ad
924 4096 1329 4180 supplendum
1391 4097 1661 4164 defectui
1717 4100 2044 4164 missarum
2108 4100 2627 4181 adventitiarum,
2691 4105 2796 4169 sed
2855 4104 2974 4169 hae

484 4202 692 4286 potius
733 4201 1041 4285 acceptari
1088 4206 1345 4286 possunt
1390 4202 1464 4267 ad
1513 4204 1923 4287 supplendum
1967 4205 2221 4270 illarum
2275 4208 2579 4285 defectui3
2641 4209 2732 4275 ita
2787 4211 2860 4274 ut
2918 4209 2973 4274 si

490 4305 784 4373 Rectores
829 4306 1231 4372 ecclesiarum
1279 4307 1425 4384 illis,
1471 4307 1598 4372 sive
1647 4327 1754 4391 per
1799 4327 1863 4373 se
1910 4308 2038 4375 sive
2079 4329 2187 4392 per
2224 4311 2401 4390 alios,
2448 4312 2808 4380 satisfacere
2853 4333 2973 4379 non

487 4411 759 4497 possint,
830 4411 940 4476 bas
1007 4429 1121 4476 non
1182 4412 1330 4477 licet
1394 4413 1522 4477 illis
1592 4414 1930 4497 acceptare,
2010 4414 2126 4479 nisi
2169 4416 2284 4481 sub
2329 4416 2678 4483 conditione
2723 4418 2968 4484 easdem

485 4514 772 4581 tradendi
829 4515 972 4581 aliis
1025 4535 1163 4580 curn
1226 4517 1468 4600 integro
1535 4516 1844 4601 stipendio
1904 4522 2177 4604 accepto.
2271 4521 2456 4588 Clara
2502 4522 2618 4589 bac
2661 4522 2727 4588 in
2766 4543 2831 4590 re
2878 4523 2974 4589 est

485 4619 682 4683 citata
725 4618 928 4685 Const.
977 4618 1290 4685 Innocent.
1339 4621 1479 4685 XII.
1531 4621 1631 4684 ubi
1681 4623 1769 4687 ita
1813 4623 2077 4707 legitur:
2132 4624 2603 4711 ›Eleemosynas
2649 4646 2789 4693 vero
2832 4647 2967 4693 ma-
