3303 5013
1199 325 1332 377 mid
1368 323 1927 390 Entscheidunyen.
2678 289 2803 400 7⁸07

327 504 506 563 tenus
549 498 608 561 si
648 517 753 562 res
791 498 882 560 ita
912 515 978 561 se
1002 494 1202 573 habet,
1248 494 1602 560 Ecclesiam
1631 494 1726 559 ibi
1754 494 2064 575 aedifices,
2114 499 2171 558 et
2208 493 2279 557 in
2323 514 2397 559 ea
2426 493 2804 559 sacerdotem

318 601 561 667 sublato
604 599 1051 682 appellationis
1092 598 1402 665 obstaculo
1447 599 1536 664 ad
1570 600 2142 680 praesentationem
2189 598 2448 664 rectoris
2477 598 2802 663 Ecclesiae

316 706 588 771 maioris
617 725 753 771 cum
785 703 1080 770 canonico
1119 703 1489 785 fundatoris
1518 702 1795 768 adsensu
1823 704 2139 772 instituas.
2176 702 2270 767 ad
2294 702 2803 768 sustentationem

315 830 500 874 suam
535 809 815 874 eiusdem
844 808 1035 875 villae
1065 809 1457 874 obventiones
1477 807 1933 874 ecclesiasticas
1953 814 2426 891 percepturum.-
2456 807 2803 890 providens

316 921 527 980 tamen
569 919 637 978 ut
680 919 1020 996 competens
1063 913 1134 977 in
1173 934 1247 977 ea
1291 913 1492 978 honor
1522 932 1649 994 pro
1689 911 1994 995 facultate
2037 913 2158 977 loci
2194 913 2462 980 Matrict
2485 913 2806 980 Ecclesiae

315 1025 595 1085 servetur
640 1066 653 1080 .
705 1068 719 1082 .
764 1066 779 1081 .
828 1068 841 1082 .
896 1016 973 1084 Si
1013 1037 1156 1083 vero
1202 1036 1490 1100 persona
1531 1016 1840 1081 Mati-icis
1884 1016 2208 1083 Ecclesiae
2265 1018 2469 1082 virum
2512 1018 2802 1084 idoneum

311 1128 720 1205 praesentare
760 1122 1100 1200 distulerit,
1149 1121 1246 1187 vel
1280 1142 1436 1204 opus
1478 1120 1644 1187 illud
1687 1121 1993 1201 impedire
2036 1121 2316 1198 voluerit,
2365 1127 2432 1187 tu
2472 1122 2797 1188 nihilomi-

312 1249 438 1294 nus
489 1227 701 1309 facias
758 1223 928 1291 idem
998 1245 1153 1306 opus
1212 1225 1299 1290 ad
1344 1226 1796 1308 perlectionem
1854 1224 2083 1292 deduci
2142 1231 2200 1291 et
2267 1225 2474 1291 virum
2549 1226 2796 1302 bonum,

315 1330 764 1415 appellationis
808 1336 1082 1396 cessante
1122 1331 1392 1413 resumo,
1459 1330 1782 1395 instituere
1817 1349 1941 1395 non
1986 1331 2301 1396 omittas«.
2373 1329 2443 1393 In
2490 1329 2804 1413 praedicto

315 1435 460 1518 Cap.
502 1433 594 1501 IV
642 1433 900 1499 Concilii
947 1433 1292 1498 Tridentini
1337 1433 1428 1498 ita
1473 1433 1812 1499 statuitur:
1864 1433 2211 1517 »Episcopi
2256 1438 2448 1500 etiam
2485 1440 2805 1517 tamquam

315 1539 716 1624 Apostolicae
755 1537 940 1604 Sedis
1005 1538 1272 1623 delegati
1340 1541 1411 1604 in
1473 1538 1759 1604 omnibus
1802 1538 2105 1604 Ecclesiis
2160 1539 2647 1621 parochialibus
2710 1539 2806 1605 vel

315 1643 797 1728 baptismalibus
851 1646 927 1708 in
983 1642 1204 1724 quibus
1253 1643 1528 1726 populus
1571 1643 1662 1707 ita
1708 1662 2078 1708 numerosus
2121 1646 2228 1723 sit,
2286 1650 2352 1710 ut
2394 1664 2561 1710 unus
2599 1649 2806 1709 rector

310 1770 435 1814 non
471 1748 683 1829 possit
726 1748 1009 1830 sufficere
1053 1746 1484 1814 ecclesiasticis
1523 1747 1943 1813 sacramentis
1984 1747 2447 1826 ministrandis,
2511 1752 2568 1813 et
2606 1746 2803 1813 cultui

312 1854 532 1918 divino
563 1852 943 1936 perayendo‚
990 1857 1214 1936 cogant
1256 1857 1539 1930 rectores,
1586 1851 1681 1918 vel
1725 1852 1887 1917 alios
1929 1853 2019 1916 ad
2057 1871 2211 1934 quos
2244 1853 2520 1933 pertinet
2555 1851 2681 1918 sibi
2722 1857 2806 1917 tot

309 1956 670 2023 sacerdotes
723 1955 809 2020 ad
851 1956 962 2021 boc
1007 1976 1231 2021 munus
1275 1956 1633 2039 adiunyere,
1695 1961 1838 2039 quot
1900 1957 2231 2038 sufficiant
2270 1956 2359 2023 ad
2400 1962 2800 2023 sacramenta

311 2061 663 2128 exhibenda
705 2066 765 2125 et
799 2060 1028 2126 cultum
1070 2059 1356 2126 divinum
1385 2059 1842 2126 celebrandum.
1912 2062 1987 2123 In
2029 2061 2120 2126 iis
2161 2081 2306 2127 vero
2353 2062 2420 2127 in
2462 2061 2685 2144 quibus
2725 2062 2798 2127 ob

311 2167 591 2232 locorum
631 2164 1002 2229 distantiam
1045 2165 1173 2231 sive
1219 2165 1649 2248 difficultatem
1695 2163 2079 2245 parochiani
2122 2168 2264 2231 sine
2304 2185 2528 2250 mayno
2571 2166 2803 2232 incom-

308 2270 493 2336 modo
540 2268 632 2333 ad
649 2268 1063 2349 percipienda
1095 2274 1497 2335 sacramenta
1541 2274 1598 2333 ct
1627 2268 1852 2334 divina
1881 2268 2097 2350 officia
2143 2269 2465 2337 audienda
2511 2271 2802 2336 accedere

308 2395 432 2440 non
473 2378 756 2455 possunt,
802 2392 994 2438 novas
1028 2373 1372 2454 parochias
1420 2376 1613 2439 etiam
1648 2370 1874 2438 invitis
1916 2374 2263 2439 rectoribus
2305 2377 2489 2440 iuxta
2524 2375 2803 2457 formam

311 2477 796 2546 Constitutionis
840 2477 1200 2543 Alexandri
1246 2476 1377 2543 III
1424 2498 1581 2561 quae
1623 2477 1854 2560 incipit
1911 2476 2049 2559 ,Ad
2093 2478 2514 2546 audientiam‘
2573 2478 2804 2546 consti·

309 2590 485 2650 tuere
522 2582 837 2666 possint«.

518 2686 728 2769 Igitur
772 2685 945 2751 iuxta
989 2686 1160 2769 leges
1205 2686 1510 2769 expositas
1553 2687 1711 2752 dnae
1758 2690 1906 2751 sunt
1949 2705 2168 2752 causae
2211 2686 2800 2769 dismembrationiS,

307 2792 570 2865 scilicet,
617 2789 921 2856 distantia
964 2790 1058 2855 vel
1104 2791 1289 2857 aliud
1331 2792 1845 2873 impedimentum
1878 2812 1996 2874 quo
2021 2792 2238 2875 fideles
2281 2812 2410 2858 non
2451 2794 2591 2857 sine
2614 2794 2801 2876 yravi

305 2894 698 2963 incommodo
731 2895 818 2959 ad
847 2894 1201 2961 Ecclesiam
1229 2896 1668 2979 parochialem
1713 2896 2004 2962 accedere
2037 2902 2323 2978 possunt.
2416 2895 2611 2960 Notat
2636 2895 2797 2979 Fag-

309 3018 510 3064 nanus
558 2997 791 3082 (Capit.
842 2997 980 3062 »Ad
1017 2998 1469 3083 audientiam«)
1519 2999 1631 3064 hoc
1665 2999 2172 3083 impedimentum
2206 3000 2630 3082 undecumque
2660 3018 2798 3084 pro·

313 3104 519 3169 venire
585 3121 792 3186 posse,
865 3104 929 3168 et
985 3102 1418 3168 Tridentinum
1480 3104 1850 3171 alternative
1904 3104 2179 3170 locutum
2226 3122 2388 3183 esse,
2444 3122 2664 3186 nempe
2722 3103 2800 3168 ob

309 3210 582 3274 locorum
631 3207 993 3273 distantiam
1040 3207 1167 3272 sive
1212 3206 1669 3286 difficultatem,
1718 3207 1809 3274 ita
1853 3211 1926 3274 ut
1971 3208 2343 3275 alterutrum
2384 3207 2675 3273 sufficiat.

525 3310 796 3376 Ulterius
832 3311 1262 3376 Tridentinum
1297 3311 1640 3376 Concilium
1690 3311 1841 3377 duos
1886 3331 2065 3377 casus
2112 3312 2296 3398 fingit
2326 3312 2590 3396 primum
2637 3311 2796 3396 quod

309 3418 400 3481 ita
445 3415 709 3500 populus
741 3416 825 3479 sit
856 3434 1213 3481 numerosus
1260 3417 1331 3479 ut
1361 3416 1666 3498 parochus
1701 3435 1806 3499 per
1832 3436 1897 3481 se
1927 3416 2105 3481 illum
2142 3418 2484 3501 gubernare
2515 3416 2803 3511 nequeat¹

309 3524 576 3585 alterum
624 3519 783 3602 quod
832 3521 1079 3604 propter
1125 3519 1489 3584 distantiam
1555 3520 1671 3585 loci
1722 3520 1816 3584 vel
1866 3520 2051 3585 aliam
2099 3519 2541 3587 difficultatem
2586 3520 2800 3586 fideles

310 3623 680 3689 difficillime
745 3623 822 3687 ad
871 3623 1223 3707 parochiam
1288 3622 1575 3687 accedere
1637 3625 1907 3706 possunt.
1986 3623 2187 3689 Primo
2250 3625 2311 3688 in
2360 3642 2506 3689 casu
2552 3623 2803 3715 coadiu-

309 3733 473 3794 tores
522 3728 783 3812 parocho
830 3727 1205 3811 adiungendi
1251 3729 1415 3805 sunt,
1462 3729 1658 3793 altero
1703 3729 1765 3792 in
1817 3747 1963 3794 casu
2006 3727 2294 3811 parochia
2341 3728 2623 3794 absolute
2667 3728 2794 3794 dis-

314 3833 687 3899 membanda
733 3835 846 3900 est.
913 3832 1138 3917 (Bouix
1192 3831 1320 3897 »De
1364 3832 1675 3898 Parocho«
1729 3831 1796 3900 P.
1834 3832 1874 3896 2
1909 3833 2057 3916 Cap.
2103 3835 2167 3901 4.
2202 3851 2372 3915 prop.
2420 3832 2507 3917 6).
2554 3831 2803 3898 Etenim

310 3939 360 4003 si
396 3940 663 4020 nequeat
699 3937 1032 4020 Episcopus
1068 3955 1285 4002 novam
1320 3937 1695 4019 parochiam,
1744 3936 2193 4003 dismembrata
2242 3937 2519 4021 antiqua,
2564 3937 2801 4021 erigere

314 4043 429 4106 nisi
480 4044 539 4105 in
587 4061 734 4107 casu
773 4061 894 4125 quo
939 4042 1093 4108 satis
1135 4041 1368 4108 consuli
1434 4061 1550 4106 non
1592 4040 1785 4123 possit
1832 4041 2217 4125 parochianis
2263 4041 2523 4107 nimium
2568 4041 2804 4107 distan-

309 4146 480 4210 tibus
526 4165 634 4229 per
672 4145 974 4229 capellam
1019 4145 1113 4210 vel
1147 4146 1440 4210 vicarium
1484 4145 1644 4229 apud
1681 4146 1841 4228 ipsos
1874 4148 2373 4225 commorantem,
2416 4145 2514 4212 vix
2558 4146 2804 4213 videtur

308 4250 701 4331 quandonam
747 4250 1279 4316 dismembrationi
1328 4249 1497 4316 locus
1535 4267 1669 4314 esse
1704 4249 1918 4333 possit,
1962 4251 2033 4315 ut
2079 4251 2170 4316 ait
2208 4249 2397 4316 Bouix
2429 4251 2560 4316 loco
2587 4250 2797 4318 citato,

312 4353 413 4418 Ita
471 4355 659 4419 etiam
726 4354 918 4420 sentit
984 4354 1321 4437 Pignatelli
1369 4355 1558 4419 Temo
1621 4355 1660 4416 4
1708 4352 1984 4419 Consult.
2050 4355 2174 4419 230
2220 4354 2301 4421 N.
2345 4355 2423 4433 93
2491 4354 2584 4420 ita
2634 4353 2798 4419 Van·

315 4459 512 4541 Espen
558 4459 665 4523 Ius
693 4459 862 4525 Eccl.
890 4458 1169 4528 Univers.
1208 4460 1273 4526 P.
1305 4460 1386 4537 11,
1430 4458 1559 4525 Sec.
1587 4459 1669 4538 H,
1722 4459 1846 4525 Tit.
1874 4459 1954 4538 Π,
2001 4461 2147 4543 Cap.
2179 4459 2293 4539 111,
2342 4459 2421 4525 N.
2446 4459 2551 4526 30.
2574 4457 2798 4524 Verum

308 4563 555 4628 etiamsi
618 4563 1047 4629 Tridentinnm
1113 4563 1456 4630 Concilium
1523 4563 1817 4630 statuerit
1882 4564 2263 4631 coadiutores
2327 4563 2595 4647 parocho
2661 4582 2793 4629 esse

311 4667 726 4750 adsignandos
758 4669 1002 4751 propter
1034 4688 1330 4753 magnum
1364 4688 1684 4733 numerum
1720 4669 2253 4752 parochianorum,
2299 4670 2510 4734 tamen
2531 4667 2793 4734 Romani

2458 4773 2594 4839 46*
