3303 5013
493 267 621 341 686
1349 289 1699 346 xrs-emona
1736 283 2142 346 Antemtacke

497 464 662 530 idem
715 462 959 530 omnino
1007 462 1091 528 sit
1127 465 1491 530 instaurare
1536 464 1753 529 omnia
1795 463 1869 529 in
1913 462 2167 529 Christo
2212 464 2396 547 atque
2443 461 2724 528 homines
2755 462 2832 528 ad
2870 463 2985 529 Dei

489 568 1076 653 obtemperationem
1122 568 1436 634 reducere.
1515 568 1657 633 Huc
1701 567 1899 651 igitur
1940 586 2119 632 curas
2165 567 2561 634 intendamus
2604 570 2868 652 oportet,
2909 572 2983 634 ιιι

489 692 685 758 genus
730 674 1046 739 bominum
1093 673 1157 739 in
1203 672 1434 739 Christi
1473 672 1775 737 ditionem
1818 672 2211 756 redigamus:
2258 690 2330 737 eo
2371 672 2692 757 praestito,
2738 673 2864 738 iam
2897 672 2978 738 ad

486 779 689 862 ipsum
741 779 937 845 Deum
984 778 1434 862 remigraverit.
1514 777 1610 842 Ad
1658 777 1853 843 Deum
1903 777 2234 860 inquimus,
2283 797 2399 842 non
2440 777 2759 843 socordem
2795 777 2976 844 illum

488 887 674 968 atque
722 884 994 949 humana
1038 883 1479 968 negligentem,
1525 900 1705 965 quem
1754 882 2321 949 materialistarum
2351 881 2760 948 deliramenta
2798 882 2977 948 efflu-

484 991 748 1066 xerunt:
809 988 915 1053 sed
967 989 1163 1053 Deum
1212 988 1417 1054 vivum
1465 1007 1537 1052 ac
1585 1006 1830 1064 verum,
1899 1005 2087 1050 unum
2138 988 2360 1051 natura
2396 987 2671 1072 personis
2716 987 2974 1066 trinum,

486 1097 798 1160 auctorem
832 1093 1063 1171 mundi,
1099 1092 1306 1157 omnia
1334 1091 1787 1175 sapientissime
1810 1090 2255 1174 providentem,
2279 1091 2690 1158 iustissimum
2711 1091 2977 1176 deniqne

483 1198 642 1283 legis
681 1197 960 1276 latorem,
1007 1198 1113 1281 qui
1159 1197 1367 1263 sontes
1405 1196 1661 1280 plectat,
1706 1196 1982 1280 proemia
2011 1195 2324 1280 proposita
2355 1196 2692 1262 virtutibus
2725 1197 2975 1264 babeat.

692 1312 881 1377 Porro
924 1330 1048 1395 qua
1091 1311 1212 1377 iter
1256 1310 1430 1374 nobis
1476 1308 1553 1374 ad
1602 1308 1920 1374 Christum
1967 1311 2201 1393 pateat,
2249 1312 2393 1374 ante
2431 1309 2638 1376 oculos
2685 1313 2816 1376 est:
2867 1329 2975 1394 per

486 1416 825 1483 Ecclesiam
872 1416 1180 1482 videlicet.
1270 1412 1686 1497 Quamobrem
1725 1414 1857 1480 iure
1904 1413 2412 1499 chrysostomus:
2472 1415 2629 1497 Spes
2688 1421 2801 1482 tua
2843 1417 2975 1483 Ec-

481 1522 696 1601 clesia,
744 1522 922 1589 salus
963 1527 1073 1587 tua
1116 1519 1429 1600 Ecclesia,
1475 1520 1789 1604 refuyium
1832 1525 2008 1586 tuum
2050 1519 2345 1587 Ecclesia
2364 1520 2433 1601 ¹).
2497 1520 2566 1584 In
2606 1519 2669 1584 id
2705 1538 2973 1605 namque

482 1626 655 1693 illam
683 1625 959 1693 condidit
981 1624 1285 1703 Christus,
1310 1624 1659 1709 quaesitam
1684 1624 1781 1691 sui
1812 1624 2135 1708 sanguinis
2159 1624 2387 1709 pretio;
2419 1623 2596 1708 eique
2623 1624 2969 1691 doctrinam

482 1750 657 1798 suam
700 1750 773 1797 ac
803 1749 1054 1796 suarum
1089 1731 1413 1814 praecepta
1443 1729 1658 1814 legum
1697 1729 2170 1808 commendavit,
2213 1728 2600 1812 amplissima
2631 1729 2821 1796 simul
2850 1730 2968 1796 im·

484 1837 750 1921 pertiens
797 1835 1044 1901 divinae
1090 1836 1332 1919 gratiae
1381 1852 1633 1900 munera
1682 1832 1758 1899 ad
1790 1833 2187 1899 sanctitatem
2222 1852 2294 1900 ac
2324 1834 2590 1900 salutem
2626 1833 2967 1902 hominum.

693 1949 930 2015 Videtis
958 1948 1174 2033 igitur,
1216 1947 1612 2014 venerabiles
1640 1948 1913 2027 Fratres,
1958 1948 2140 2031 quale
2170 1948 2417 2014 demum
2449 1949 2645 2016 Nobis
2676 1949 2970 2035 vobisque

479 2055 713 2138 pariter
736 2052 1007 2119 officium
1035 2053 1120 2120 sit
1140 2052 1622 2119 demandatum:
1655 2055 1728 2117 ut
1750 2054 2263 2119 consociationem
2292 2054 2632 2134 bominum,
2664 2074 2701 2121 a
2730 2054 2968 2121 Christi

479 2157 783 2243 sapientia
828 2158 1212 2224 aberrantem
1236 2208 1251 2237 ,
1314 2157 1388 2222 ad
1444 2156 1758 2223 Ecclesiae
1801 2157 2191 2242 disciplinam
2238 2177 2625 2237 revocemus:
2684 2160 2967 2225 Ecclesia

478 2283 622 2330 vero
667 2262 917 2329 Christo
960 2262 1203 2341 subdet,
1251 2261 1536 2327 Christus
1569 2266 1779 2328 autem
1815 2262 1960 2329 Deo.
2032 2262 2206 2345 Quod
2254 2263 2324 2341 si,
2377 2264 2504 2330 Deo
2532 2265 2666 2348 ipso
2696 2263 2965 2345 favente,

477 2366 886 2453 perficiemus,
934 2366 1323 2451 iniquitatem
1371 2365 1629 2432 cessisse
1675 2366 1977 2450 aequitati
2024 2368 2483 2451 gratulabimur
2520 2368 2967 2453 audiemusque

480 2472 741 2540 feliciter
783 2493 984 2541 vocem
1030 2493 1325 2558 maynam
1362 2472 1438 2540 de
1483 2471 1645 2539 coelo
1691 2472 2029 2541 dicentem:
2084 2474 2274 2541 Nunc
2325 2474 2501 2558 lacta
2548 2479 2639 2542 est
2684 2475 2865 2543 salus
2907 2481 2967 2542 et

474 2578 676 2645 virtus
716 2585 776 2646 et
816 2599 1075 2664 regnum
1119 2578 1249 2644 Dei
1288 2579 1491 2645 nostri
1527 2583 1586 2644 et
1604 2584 1880 2660 potestas
1910 2578 2153 2645 Christi
2188 2582 2329 2647 eius
2345 2578 2416 2664 ²).
2462 2616 2549 2628 —
2598 2579 2718 2645 Hic
2753 2582 2960 2646 tamen

476 2686 547 2748 ut
588 2684 819 2768 optatis
861 2683 1229 2767 respondeat
1275 2682 1506 2763 exitus,
1565 2684 1732 2749 omni
1800 2701 1912 2768 ope
1972 2686 2036 2749 et
2095 2702 2280 2767 opera
2340 2684 2492 2750 eniti
2552 2704 2705 2768 opus
2750 2690 2848 2752 est
2893 2688 2963 2752 ut

474 2787 675 2854 scelus
715 2787 869 2853 illud
915 2788 1186 2854 immane
1226 2807 1298 2854 ac
1341 2787 1745 2868 detestabile,
1803 2789 2032 2856 aetatis
2079 2788 2260 2855 huius
2302 2789 2648 2874 proprium,
2712 2791 2962 2873 penitus

474 2894 838 2972 eradamus,
899 2912 1020 2977 quo
1075 2911 1141 2958 se
1188 2911 1405 2976 nempe
1456 2893 1635 2959 bomo
1681 2912 1788 2978 pro
1833 2893 1957 2961 Deo
1994 2893 2357 2961 substituit:
2415 2897 2548 2962 tum
2606 2914 2746 2961 vero
2792 2896 2962 2981 leges

472 2996 794 3082 Evangelii
836 2998 1260 3064 sanctissimae
1307 3016 1381 3064 ac
1424 2997 1684 3064 consilia
1729 2997 1793 3064 in
1839 3001 2106 3065 veterem
2153 2998 2525 3084 dignitatem
2554 3000 2959 3077 vindicanda:

472 3101 845 3169 adserendae
887 3102 1077 3169 altius
1122 3103 1418 3168 veritates
1456 3102 1534 3169 ab
1568 3102 1845 3169 Ecclesia
1874 3103 2161 3184 traditae,
2197 3123 2476 3189 quaeque
2508 3105 2782 3171 eiusdem
2813 3109 2962 3171 sunt

471 3206 841 3273 documenta
886 3206 962 3272 de
1002 3207 1337 3273 sanctitate
1383 3207 1691 3292 coniugii,
1737 3207 1813 3273 de
1858 3208 2223 3276 educatione
2269 3208 2668 3294 doctrinaque
2717 3209 2957 3295 puerili,

470 3310 546 3378 de
592 3313 885 3380 bonorum
930 3312 1312 3396 possessione
1358 3315 1544 3397 atque
1590 3332 1742 3393 usu,
1806 3313 1881 3380 de
1933 3313 2157 3381 officiis
2215 3312 2279 3379 in
2342 3333 2445 3381 eos
2490 3314 2597 3398 qui
2645 3314 2959 3399 publicam

472 3436 598 3483 rem
645 3417 1119 3496 administrant:
1176 3417 1605 3501 aequilibritas
1651 3417 1900 3484 demum
1946 3417 2110 3485 inter
2150 3419 2347 3485 varios
2391 3419 2667 3486 civitatis
2711 3419 2961 3487 ordines

469 3521 808 3589 christiano
843 3521 1136 3589 instituto
1186 3541 1258 3587 ac
1302 3542 1471 3590 more
1508 3522 1914 3590 restituenda.
1961 3560 2048 3572 -
2095 3523 2221 3590 Nos
2250 3524 2522 3607 profecto
2556 3525 2708 3591 baec
2740 3525 2958 3607 Nobis,

468 3626 585 3693 Dei
627 3626 806 3694 nutui
848 3627 1270 3713 obsequentes,
1311 3627 1374 3693 iu
1420 3626 1784 3712 pontificatu
1816 3629 2237 3714 prosequenda
2268 3629 2682 3715 proponimus,
2730 3650 2802 3697 ac
2848 3650 2959 3716 pro

466 3731 633 3799 virili
687 3734 862 3816 parte
916 3750 1372 3816 prosequemur.
1444 3731 1734 3798 Vestrum
1796 3735 2003 3799 autem
2058 3733 2198 3813 erit,
2249 3733 2640 3801 Venerabiles
2682 3734 2955 3815 Fratres,

467 3836 824 3917 sanctitate,
858 3836 1140 3918 scientia,
1175 3836 1551 3922 agendorum
1585 3855 1719 3917 usu,
1764 3837 1970 3904 studio
2003 3856 2141 3904 cum
2176 3839 2389 3923 primis
2419 3838 2665 3906 divinae
2695 3839 2954 3926 gloriae,

466 3938 790 4007 industriis
820 3941 1070 4009 Nostris
1100 3942 1551 4021 obsecundare:
1599 3941 1754 4007 nihil
1800 3942 1969 4008 aliud
2016 3946 2370 4028 spectantes
2414 3946 2849 4030 praeterquam
2883 3950 2958 4012 ιιι

467 4043 528 4109 in
576 4045 861 4113 omnibus
904 4048 1215 4130 formetur
1263 4048 1565 4117 Christus
1580 4047 1656 4131 ⁸).

671 4159 808 4225 Iam
865 4160 1090 4245 quibus
1160 4160 1237 4227 ad
1305 4181 1438 4228 rem
1496 4163 1743 4228 tantam
1805 4163 2058 4227 utamur
2121 4160 2517 4241 adiumentis,
2590 4160 2689 4228 vix
2748 4162 2953 4229 dicere

464 4266 739 4350 oportet:
786 4267 938 4332 sunt
980 4265 1143 4332 enim
1191 4266 1265 4333 de
1311 4266 1513 4334 medio
1544 4268 1815 4351 sumpta.
1861 4304 1947 4316 —-
1991 4266 2291 4333 Curarum
2327 4266 2711 4351 haecsprima
2745 4270 2952 4347 sunto,

462 4371 536 4436 ut
576 4368 894 4437 Christum
935 4369 1270 4438 formemus
1306 4371 1373 4438 in
1417 4370 1516 4452 iis,
1561 4370 1668 4456 qui
1714 4371 2033 4440 formando
2071 4372 2135 4438 in
2183 4372 2403 4440 ceteris
2450 4371 2699 4440 Christo
2744 4371 2952 4440 officio

464 4475 734 4540 muneris
782 4474 1193 4543 destinantur.
1283 4476 1381 4544 Ad
1427 4476 1774 4544 sacerdotes
1827 4496 1998 4544 mens
2041 4479 2304 4563 spectat,
2352 4477 2749 4545 venerabiles
2793 4479 2945 4544 Era-

674 4683 724 4751 1)
765 4685 922 4740 Hom.
946 4688 1022 4743 de
1047 4693 1230 4757 capto
1261 4687 1590 4757 Eheu-opio,
1615 4705 1667 4742 n.
1691 4687 1741 4743 6.
1780 4717 1844 4727 —
1886 4690 1942 4760 2)
1967 4693 2127 4758 Apoc.
2154 4689 2283 4755 xn,
2310 4690 2386 4745 10.
2418 4717 2485 4729 —-
2516 4690 2573 4755 3)
2596 4688 2717 4746 Gal.
2739 4689 2834 4753 IV,
2865 4692 2949 4747 19.
