3303 5013
1144 311 1280 364 und
1318 308 1876 377 mandaturum.
2631 287 2763 354 499

268 479 491 565 Imago
551 496 781 563 magua
845 478 1121 544 fidelium
1183 478 1574 545 veneratione
1641 477 1890 554 colitur,
1947 478 2061 545 sub
2123 477 2510 545 invocatione
2563 477 2763 546 Sunio

260 727 271 734 ·
480 693 829 761 Conventus
878 696 1186 780 proprium
1233 695 1664 780 cappellanum
1713 696 1936 773 babet,
1997 695 2098 761 cui
2153 695 2461 761 incumbit
2505 698 2569 762 et
2613 714 2758 761 con-

269 798 565 866 fessiones
609 799 857 877 audire,
917 801 984 865 et
1036 800 1292 866 missam
1344 799 1815 866 conventualem
1858 800 2203 877 celebrare,
2264 800 2594 885 omniaque
2634 798 2760 866 alia

268 903 478 970 officia
523 921 834 988 peragere,
876 923 1034 988 quae
1078 904 1157 971 ad
1203 908 1572 973 conventum
1618 904 1911 972 attinent.

482 1016 595 1083 Est
638 1018 703 1082 et
746 1016 908 1082 alius
952 1016 1233 1084 sacerdos
1273 1017 1353 1083 ab
1397 1016 1727 1084 Ordinatio
1772 1017 1890 1082 loci
1935 1016 2333 1101 designatus,
2375 1016 2474 1082 cui
2513 1015 2754 1100 specia-

268 1119 415 1186 liter
459 1120 788 1186 commissa
832 1125 929 1187 est
972 1120 1149 1187 SSmi
1197 1120 1486 1187 Crucifixi
1529 1120 1811 1187 custodia
1858 1123 1923 1187 et
1967 1120 2244 1205 ejusdem
2288 1121 2602 1188 redituum
2648 1117 2760 1184 ad-

270 1223 670 1290 ministratio.

477 1336 567 1403 Ex
612 1336 780 1404 hisce
824 1338 1118 1422 expositis
1161 1340 1327 1406 clare
1370 1341 1547 1423 patet
1586 1317 1650 1405 in
1694 1338 1907 1404 eadem
1949 1339 2211 1404 ecclesia
2240 1339 2573 1404 coexistere
2603 1338 2759 1404 duas

268 1441 564 1509 entitatos
606 1440 964 1522 distinctas,
1027 1446 1395 1509 conventum
1457 1461 1675 1526 nempe
1734 1441 2097 1510 monialium
2142 1443 2208 1507 et
2249 1439 2424 1508 SSmi
2471 1440 2760 1508 Crucifixi

266 1544 899 1612 administrationem.

477 1657 680 1740 Quum
747 1677 887 1724 vero
949 1677 1065 1724 nou
1119 1659 1347 1736 semel,
1410 1659 1765 1742 praeteritis
1808 1659 2222 1742 temporibus,
2283 1658 2359 1723 ad
2410 1657 2554 1741 jura
2591 1676 2759 1724 com-

268 1762 601 1828 munitatis
642 1763 975 1842 servanda,
1022 1762 1343 1829 oraculum
1384 1761 1785 1846 Apostolicae
1824 1759 2000 1828 Sedis
2045 1760 2514 1845 expostulatum⁸
2547 1761 2758 1842 fuerit,

267 1867 333 1932 et
376 1865 567 1931 etiarn
613 1865 677 1931 in
717 1866 1027 1952 praesenti
1069 1866 1223 1933 hora
1268 1884 1335 1932 se
1379 1866 1679 1932 obtulerit
1723 1864 1962 1932 occasio
1991 1866 2066 1931 ob
2098 1865 2492 1950 quaestiones
2522 1851 2763 1931 exortas

267 1970 433 2035 inter
475 1969 675 2053 ipsam
723 1970 1080 2057 religiosam
1124 1971 1635 2038 communitatem
1683 1974 1748 2036 et
1793 1969 2179 2054 praedictum
2240 1967 2414 2035 SSmi
2470 1968 2759 2036 Crucifixi

265 2074 833 2140 administratorem
857 2123 874 2153 ,
935 2075 1148 2140 eadem
1198 2074 1511 2141 abbatissa
1558 2094 1684 2140 una
1725 2094 1863 2140 cum
1909 2074 2040 2140 suis
2088 2073 2458 2140 monialibus
2504 2075 2583 2140 ab
2627 2074 2764 2158 ipsa

264 2178 458 2244 Sacra
531 2177 1024 2264 Congregatione
1088 2178 1479 2263 sequentium
1548 2177 1880 2244 dubiorum
1956 2178 2330 2245 solutionem
2408 2178 2760 2243 humillime

263 2281 681 2367 efflagitavit3
728 2302 982 2366 nempe:

470 2403 526 2471 1.
577 2404 800 2471 Utrum
839 2403 946 2489 jus
990 2404 1388 2471 benedicendi
1433 2404 1724 2470 candelas
1764 2403 1828 2469 iu
1875 2404 2033 2471 festo
2072 2403 2533 2471 Purificatiouis
2567 2403 2638 2469 B.
2674 2403 2760 2468 M.

270 2510 586 2596 Virginis,
650 2510 886 2575 cineres
930 2511 1113 2576 Feria
1151 2510 1241 2575 IV
1288 2510 1614 2589 Cinctum,
1678 2513 1741 2575 et
1798 2528 2002 2576 ramos
2048 2509 2357 2576 dominica
2401 2508 2758 2574 Palmarum

267 2616 584 2698 competat
627 2614 1059 2682 communitati
1106 2634 1179 2680 ac
1219 2615 1471 2699 proinde
1517 2614 1760 2699 proprio
1804 2613 2172 2680 confessario
2213 2632 2321 2679 seu
2366 2612 2761 2696 cappellan03

264 2738 346 2785 an
391 2718 668 2803 praefato
714 2716 890 2787 SSmi
935 2718 1225 2784 crucifixi
1272 2718 1768 2784 administratori
1784 2720 1816 2784 ἓ

472 2840 556 2906 11.
604 2841 829 2908 Utrum
877 2842 940 2907 in
978 2859 1155 2909 sacro
1199 2841 1430 2908 Triduo
1476 2840 1729 2925 maj0ris
1773 2839 2215 2917 hebdomadae,
2264 2838 2440 2922 cujus
2485 2839 2760 2905 officium

264 2963 309 3010 a
353 2944 718 3012 monialibus
763 2945 898 3011 fieri
946 2948 1150 3030 potest
1195 2949 1260 3011 et
1304 2945 1520 3022 debet,
1582 2944 1883 3010 celebrari
1944 2945 2146 3027 ipsum
2192 2943 2415 3009 debeat
2462 2962 2570 3026 per
2614 2960 2760 3008 cou-

265 3048 592 3116 fessarium
654 3068 761 3117 seu
824 3050 1213 3134 capellanum
1274 3051 1654 3143 conventus;
1710 3049 1808 3114 vel
1868 3067 1975 3132 per
2018 3047 2444 3131 supradictum
2492 3046 2761 3113 admini-

260 3155 652 3220 stratorem?
1325 3152 1331 3158 ’

477 3265 593 3336 III.
641 3266 864 3333 Utrum
912 3267 1101 3332 liceat
1144 3267 1207 3332 iu
1249 3266 1435 3332 altari
1470 3266 1688 3351 majori
1722 3266 1913 3332 missa
1942 3266 2259 3344 celebrari,
2299 3265 2446 3331 dum
2478 3266 2542 3331 in
2572 3266 2759 3333 choro

259 3388 300 3434 a
348 3370 793 3437 communitate
834 3371 1019 3436 borae
1061 3371 1392 3437 canonicae
1437 3371 1891 3455 persolvuntur,
1933 3373 2006 3435 ut
2050 3370 2183 3436 fieri
2228 3369 2440 3437 solet?

478 3492 581 3561 IV.
678 3492 898 3559 Utrum
975 3492 1443 3559 administrator
1507 3491 1684 3559 SSmi
1754 3491 2043 3559 crucifixi
2111 3492 2341 3576 aliique
2408 3491 2758 3558 sacerdotes

259 3595 489 3661 missas
565 3595 946 3663 celebrantes
1012 3598 1075 3662 in
1153 3596 1415 3663 ecclesia
1484 3596 1657 3662 dicta
1745 3600 2082 3662 conventus
2170 3615 2304 3661 sese
2377 3596 2760 3662 conformare

256 3703 593 3767 teneantur
670 3700 1021 3768 calendario
1092 3701 1453 3767 monialium
1474 3750 1493 3779 ,
1567 3702 1745 3787 iuxta
1818 3701 2133 3767 decretum
2205 3699 2429 3768 Sacrae
2496 3700 2759 3767 Rituum

256 3804 778 3889 Congregatiouis
825 3805 947 3871 diei
995 3807 1056 3871 9.
1103 3804 1263 3873 Julii
1309 3807 1509 3884 1895,
1571 3805 2005 3872 confirmatum
2066 3824 2105 3870 a
2158 3804 2414 3872 Summo
2460 3803 2760 3871 Pontifice

255 3909 363 3975 die
401 3910 463 3975 9.
507 3910 863 3976 Decembris
908 3909 1187 3995 ejusdem
1234 3911 1416 3992 anui;
1478 3929 1557 3975 au
1620 3909 1794 3992 sequi
1851 3913 2087 3995 queant
2127 3908 2550 3976 calendarium
2591 3908 2761 3976 dioe-

254 4032 551 4080 cesanum
572 4062 589 4092 ,
648 4014 742 4079 uti
791 4015 1107 4100 hucusque
1158 4015 1641 4093 consueverunt,
1704 4033 1825 4080 nou
1870 4013 2160 4081 obstante
2206 4014 2610 4098 praelaudato
2656 4014 2762 4079 de-

261 4120 494 4185 creto?

478 4231 556 4296 Et
599 4231 791 4297 Sacra
839 4232 1101 4297 Rituum
1145 4229 1560 4317 congregatio
1577 4280 1594 4310 ,
1651 4232 1955 4299 referente
2009 4231 2356 4299 Secretario
2375 4282 2391 4309 ,
2457 4232 2760 4316 exquisito

251 4335 454 4402 etiam
490 4338 632 4402 voto
678 4336 1142 4402 commissionis
1187 4335 1542 4420 Liturgicae
1562 4389 1578 4412 ,
1637 4336 1898 4403 attentis
1959 4336 2225 4403 decretis
2270 4337 2674 4420 omnibusque
2717 4356 2756 4400 a

253 4439 550 4525 partibus
594 4440 656 4505 in
704 4439 978 4506 medium
1024 4439 1301 4523 prolatis,
1356 4459 1591 4507 necnon
1638 4441 2044 4507 relationibus
2092 4442 2233 4507 ani
2278 4440 2590 4508 Ordinarii
2640 4440 2756 4506 Ur-

252 4543 558 4631 gellensis
614 4547 680 4609 et
748 4544 1169 4610 Procuratoris
1230 4545 1538 4629 generalis
1583 4545 1836 4612 Ordinis
1882 4545 2191 4612 Minorum
2240 4565 2344 4629 pro
2390 4563 2580 4628 regno
2629 4543 2758 4609 his-

254 4647 519 4733 panico;
567 4647 1024 4714 rescribendum
1070 4648 1349 4715 censuit:
