3303 5013
438 300 564 368 702
1284 316 1627 373 Kirchliche
1669 314 2074 374 Aramum

433 494 639 560 edicto
706 493 769 557 et
836 510 1134 557 concursu
1210 491 1285 556 ad
1354 510 1634 557 normam
1705 490 1964 558 concilii
2026 490 2371 557 Tridentini
2432 492 2700 575 peracto,
2780 491 2923 557 novi

434 597 695 665 Parochi
745 594 1005 680 provisio
1055 595 1183 672 fiat,
1231 595 1527 661 dilectum
1557 595 1754 661 Nobis
1786 596 1848 660 in
1881 595 2130 662 Christo
2165 596 2600 680 Presbyterum
2628 595 2920 661 Ioannem

433 703 732 781 Scrofani,
770 700 1063 767 Nostrum
1101 699 1403 785 Ragusiae
1436 700 1860 767 Provicarium
1890 701 2249 780 Foraneum,
2298 702 2617 784 tamquam
2648 700 2917 766 habilem

434 811 499 874 et
556 808 839 873 idoneum
888 804 1299 872 Oeconomum
1358 803 1759 889 spiritualem
1819 805 2210 888 praeficimus
2269 807 2332 870 et
2387 805 2787 888 deputamus,
2855 807 2921 870 et

434 912 746 998 praedicto
779 910 1147 994 Presbytero
1177 908 1519 976 Oeconomo
1556 907 1883 993 Spirituali
1920 929 2108 976 novae
2144 909 2498 988 Parochiae,
2546 911 2917 994 potestatem

434 1037 506 1084 ex
549 1015 801 1102 speciali
848 1017 1056 1080 nostro
1102 1014 1393 1079 mandato
1435 1014 1905 1093 committimus,
1956 1015 2026 1078 ut
2075 1014 2204 1080 vice
2253 1012 2516 1080 Parochi
2561 1032 2698 1079 mox
2745 1032 2919 1098 prae·

433 1122 680 1189 ficiendi
748 1122 811 1186 et
875 1120 1148 1185 omnium
1217 1118 1279 1182 in
1350 1119 1660 1201 posterum
1731 1118 2278 1202 praeficiendorum
2327 1118 2775 1198 Parochorum,
2846 1137 2921 1184 ea

434 1227 642 1293 omnia
710 1226 918 1310 gerat,
988 1243 1142 1308 quae
1204 1223 1279 1287 ad
1342 1224 1710 1288 erectionem
1775 1222 2004 1288 factam
2074 1242 2266 1289 novae
2325 1223 2653 1307 parochiae
2713 1225 2778 1290 et
2837 1223 2918 1289 ad

433 1350 809 1416 consequens
878 1330 1225 1395 universum
1303 1327 1399 1392 ius
1472 1345 1664 1393 novae
1727 1329 1968 1394 erectae
2037 1328 2359 1413 parochiae
2427 1328 2757 1394 tutandum
2821 1346 2917 1393 re·

433 1440 725 1505 ferentur.

646 1541 1017 1607 »Praeterea
1074 1536 1148 1603 ad
1213 1536 1582 1604 servandum
1643 1536 1932 1601 bonorem
1995 1536 2275 1602 debitum
2324 1537 2515 1603 veteri
2559 1535 2620 1604 S.
2671 1537 2920 1603 Ioannis

439 1646 756 1730 Baptistae
788 1642 1146 1719 Parecbiae,
1194 1641 1494 1707 edicimus
1541 1644 1604 1706 et
1636 1640 1940 1718 iubemus,
1989 1640 2185 1707 eidem
2224 1641 2558 1707 Parochiae
2583 1641 2644 1710 S.
2671 1641 2919 1708 Ioannis

437 1751 757 1835 Baptistae
803 1768 840 1814 a
870 1768 1023 1815 novo
1050 1747 1278 1813 Curato
1325 1747 1390 1810 et
1434 1745 1511 1811 ab
1558 1744 1840 1811 omnibus
1872 1745 1933 1810 in
1969 1747 2330 1829 perpetuum
2364 1764 2555 1813 novae
2578 1746 2919 1813 Parochiae

436 1855 822 1934 Rectoribus,
871 1872 980 1918 nec
1015 1870 1133 1916 non
1178 1871 1214 1915 a
1259 1850 1601 1933 quibusque
1640 1867 2024 1933 quocumque
2058 1849 2264 1928 titulo,
2315 1851 2604 1935 parochia
2636 1854 2919 1928 vacante,

434 1980 645 2026 curam
705 1956 1093 2033 habentibus,
1143 1955 1493 2039 quotannis,
1540 1956 1753 2037 utpote
1802 1953 2069 2033 Matrici,
2138 1954 2238 2020 die
2284 1955 2542 2021 solemni
2591 1955 2920 2023 Paschatis

434 2084 567 2131 esse
598 2067 658 2128 in
697 2063 944 2147 signum
978 2058 1416 2144 recognitionis
1448 2057 1870 2137 Matricitatis,
1918 2058 2036 2124 rite
2066 2058 2437 2124 offerendam
2473 2060 2695 2125 libram
2729 2081 2918 2126 unam

434 2187 611 2236 cerae
654 2167 1070 2233 elaboratae«.

645 2275 730 2337 At
761 2271 1059 2354 parochus
1104 2268 1179 2334 ad
1215 2267 1275 2334 8.
1315 2268 1563 2333 Ioannis
1589 2268 1911 2352 Baptistae
1942 2269 2421 2353 appellationem
2451 2268 2612 2353 apud
2647 2269 2726 2338 Η.
2753 2269 2817 2338 8.
2842 2270 2916 2340 Ο.

432 2376 805 2443 instauravit
851 2377 916 2440 et
960 2375 1021 2438 in
1067 2391 1327 2450 summa,
1373 2372 1526 2437 haec
1571 2372 2013 2440 animadvertit
2056 2373 2350 2439 adversus
2381 2374 2728 2457 impetitam
2775 2393 2914 2441 aen·

432 2482 694 2550 tentiam
745 2518 828 2528 —
874 2479 1183 2547 Nimirum
1233 2476 1528 2544 Sacerdos
1576 2478 1856 2563 Angelus
1902 2477 2116 2544 Arezzi
2166 2478 2465 2563 parochus
2512 2478 2823 2547 Ecclesiae
2854 2479 2916 2549 8.

434 2588 603 2656 Ioan.
654 2588 724 2653 B.
772 2585 1017 2670 exponit
1060 2583 1220 2668 quod
1261 2582 1413 2649 iuris
1457 2582 1731 2649 canonici
1778 2587 1842 2648 et
1887 2581 2111 2649 Sacrae
2151 2582 2376 2668 Congr.
2415 2584 2807 2669 principium,
2854 2587 2918 2650 in

434 2691 975 2758 dismembratione
1020 2692 1129 2755 aut
1176 2688 1471 2753 divisione
1516 2688 1833 2771 paroeciae
1878 2687 2210 2753 tenendum
2258 2690 2371 2766 est,
2401 2692 2599 2772 prius
2634 2692 2919 2774 coquan-

435 2800 584 2864 dum
626 2818 761 2864 esse
791 2796 868 2863 de
895 2795 1049 2873 dote,
1096 2811 1271 2877 quae,
1319 2791 1372 2856 si
1413 2791 1598 2869 desit,
1645 2792 1723 2857 ad
1758 2792 2364 2858 dismembrationem
2402 2795 2714 2876 paroeciae
2748 2795 2918 2861 nullo

437 2901 615 2968 modo
662 2899 904 2985 procedi
948 2899 1187 2983 potest:
1233 2917 1370 2964 can.
1420 2902 1458 2963 1
1500 2918 1672 2963 caus.
1721 2904 1781 2974 1,
1829 2918 1886 2980 q.
1934 2902 2002 2975 2,
2049 2918 2189 2965 can.
2225 2901 2338 2976 26,
2386 2918 2556 2965 caus.
2585 2904 2687 2979 16,
2732 2920 2791 2982 q.
2836 2907 2882 2966 7
2898 2925 2917 2966 .-

434 3028 568 3090 cap.
618 3012 656 3073 1
703 3010 758 3070 et
803 3008 848 3070 8
891 3002 994 3070 De
1032 3000 1281 3068 Consec.
1329 3000 1683 3086 Faqnanus
1742 3003 1811 3066 in
1853 3023 1987 3085 cap.
2037 2999 2143 3065 Ad
2187 3003 2579 3068 audientiam
2624 3024 2687 3069 n.
2726 3008 2812 3070 31
2857 3012 2916 3070 et

435 3111 558 3177 alii
600 3108 1019 3176 communiter.
1113 3105 1238 3171 Dos
1283 3108 1491 3170 autem
1539 3105 1832 3171 constitui
1867 3105 2047 3170 debet
2096 3126 2166 3170 ex
2213 3106 2386 3171 bonis
2433 3106 2668 3186 liberis,
2714 3107 2917 3193 frugi-

435 3215 601 3290 feris,
669 3215 730 3277 in
790 3215 1168 3295 perpetuum,
1237 3212 1302 3275 et
1374 3210 1619 3276 nomine
1679 3210 1842 3276 dotis
1902 3210 2258 3276 constitutis
2316 3213 2381 3275 et
2439 3211 2517 3276 ad
2580 3213 2915 3295 parochurn

436 3317 906 3403 parochiamque
963 3314 1444 3380 sufficientibus:
1514 3314 1673 3398 quod
1742 3314 1972 3398 pariter
2031 3316 2127 3379 est
2183 3316 2359 3379 extra
2415 3317 2916 3395 controversiam,

433 3424 525 3489 ait
571 3421 895 3487 Monacelli
939 3421 1157 3487 Form.
1203 3425 1343 3487 tom.
1395 3426 1453 3497 1,
1501 3425 1545 3485 t.
1585 3425 1653 3497 2,
1689 3440 1759 3501 p.
1810 3426 1871 3498 1,
1916 3441 1979 3485 n.
2026 3424 2106 3496 43
2164 3418 2494 3502 Fagnanus
2542 3421 2583 3486 1.
2630 3439 2719 3497 c.;
2768 3420 2919 3487 Lot·

432 3527 627 3594 terius
674 3525 774 3591 De
817 3547 886 3591 re
926 3524 1117 3607 benef.
1161 3524 1268 3590 lib.
1318 3531 1377 3602 1,
1423 3546 1480 3608 q.
1523 3528 1627 3590 31.
1675 3544 1737 3589 n.
1789 3529 1894 3602 60,
1951 3523 2057 3607 qui
2103 3524 2304 3588 citant
2345 3521 2571 3589 Sacrae
2612 3523 2807 3590 Rotae
2854 3529 2916 3591 et

433 3631 537 3699 SS.
583 3630 802 3713 Congr.
848 3628 1204 3695 decisiones.
1253 3628 1426 3711 Quod
1488 3628 1678 3692 etiam
1740 3627 2024 3693 firmatur
2083 3646 2155 3693 ex
2212 3628 2348 3710 ipsa
2408 3627 2764 3695 definitione
2805 3630 2912 3695 be·

438 3736 669 3802 neficii:
745 3735 864 3800 Ius
914 3739 1283 3817 perpetuum
1344 3732 1741 3815 percipiendi
1805 3734 2052 3811 fructus
2109 3754 2188 3798 ea:
2245 3730 2423 3799 bonis
2481 3733 2920 3800 ecclesiasticis

430 3847 685 3925 propter
726 3839 996 3922 officium
1039 3858 1311 3916 sacrum,
1359 3838 1735 3904 auctoritate
1777 3837 2202 3903 ecclesiastica
2245 3838 2669 3905 constituam.

644 3945 921 4009 Iamvero
966 3942 1025 4007 in
1070 3959 1218 4006 casu
1265 3942 1473 4007 nostro
1519 3959 1635 4006 non
1684 3940 1948 4006 habetur
1999 3939 2108 4006 dos
2153 3939 2280 4005 sive
2324 3959 2433 4024 pro
2481 3942 2740 4025 parocho
2786 3941 2918 4007 sive

434 4067 543 4134 pro
587 4048 865 4114 Ecclesia
910 4047 974 4111 in
1019 4045 1364 4130 paroeciam
1410 4045 1723 4130 erigenda.

643 4152 778 4223 Lib.
826 4152 951 4219 500
999 4150 1351 4235 assignatae
1385 4153 1779 4216 recensentur
1810 4148 1972 4214 inter
2017 4167 2309 4232 expensas
2354 4148 2760 4228 arbitraria-s,
2806 4170 2916 4217 seu

432 4258 508 4322 ad
572 4260 790 4322 nutum
855 4256 1266 4321 revocabiles:
1330 4257 1394 4321 et
1441 4273 1653 4339 reapse
1696 4254 1857 4319 idem
1906 4252 2314 4337 Municipium
2380 4253 2566 4319 istam
2606 4272 2914 4321 summam

436 4381 747 4446 nunquam
807 4360 977 4428 dedit
1039 4379 1297 4444 eamque
1357 4359 1697 4443 suppressit
1757 4359 1818 4423 in
1884 4378 2112 4424 anuum
2162 4358 2351 4425 1902.
2412 4394 2499 4405 —
2557 4360 2917 4427 Auctoritas

429 4468 682 4545 tutoria,
745 4468 814 4532 ut
872 4466 1133 4532 dicitur:
1200 4465 1304 4531 La
1354 4464 1603 4532 Giunta
1643 4465 2205 4531 Amministrativa
2250 4462 2671 4544 Provinciaze,
2733 4464 2915 4530 huius

436 4588 712 4635 summae
754 4569 1170 4655 erogationem
1237 4589 1353 4634 non
1400 4568 1792 4653 adprobavit,
1853 4569 1918 4633 et
1972 4568 2106 4652 ipsa
2168 4567 2264 4633 lex
2319 4567 2710 4651 municipalis
2756 4570 2915 4635 hanc

436 4672 716 4751 probibet
759 4674 907 4757 quia
952 4691 1250 4754 expensae
1295 4673 1462 4738 ultra
1505 4673 1989 4757 quinquennium
2039 4672 2134 4738 vel
2181 4671 2571 4738 arbitrariae
2613 4693 2651 4739 a
2697 4674 2912 4740 maiori
