3303 5013
1166 314 1302 367 und
1338 313 1898 382 Encscheidunpen.
2655 297 2783 365 491

280 505 359 552 ex
405 484 615 551 mixtis
662 483 828 548 hisce
873 483 1284 550 matrimoniis
1331 483 1753 567 procreanda,
1808 484 1870 548 in
1919 485 2255 551 sanctitate
2298 487 2643 553 catholicae
2690 508 2787 553 re·

283 571 539 658 ligionis
585 570 834 637 educari
883 571 1130 635 omnino
1172 569 1446 637 deberet.
1523 571 1697 654 Quae
1741 571 1988 655 quidem
2038 577 2356 639 cautiones
2398 576 2634 640 remitti
2676 594 2785 642 seu

285 659 631 743 dispensari
696 675 1007 740 nunquam
1065 660 1355 741 possunt,
1419 676 1561 723 cum
1624 660 1689 722 in
1750 660 1885 741 ipsa
1948 659 2215 724 naturali
2270 679 2342 726 ac
2385 661 2597 726 divina
2646 662 2784 746 lege

282 746 625 812 fundentur
684 763 873 829 quam
940 744 1217 809 Ecclesia
1276 746 1338 809 et
1399 744 1552 810 haec
1610 744 1843 811 Sancta
1902 744 2091 811 Sedes
2145 749 2377 812 sartam
2433 751 2785 832 tectamque

281 833 453 900 tueri
498 831 665 896 omni
713 830 917 896 studio
964 829 1310 910 contendit,
1356 833 1421 896 et
1465 835 1684 897 contra
1729 850 1912 915 quam
1961 833 2094 898 sine
2139 833 2265 899 ullo
2309 832 2496 899 dubio
2543 836 2785 919 gravis·

284 920 441 985 sime
483 920 762 1002 peccant,
808 918 915 1002 qui
962 917 1325 1001 promiscuis
1373 918 1538 982 hisce
1583 919 1819 1001 nuptiis
1863 921 2094 984 temere
2144 921 2579 986 contrahendis
2612 940 2677 988 se
2711 941 2785 988 ac

284 1007 520 1091 prolem
568 1004 783 1070 exinde
832 1004 1286 1088 suscipiendam
1331 1006 1737 1088 perversionis
1785 1006 2051 1088 periculo
2097 1007 2501 1073 committunt
2547 1061 2561 1075 .
2612 1058 2626 1072 .
2681 1058 2697 1075 .

500 1117 616 1183 Die
660 1117 724 1182 in
770 1116 878 1181 der
921 1119 1209 1183 Antwort
1254 1118 1365 1182 auf
1404 1117 1502 1182 die
1547 1118 1741 1183 dritte
1778 1117 1974 1202 Frage
2004 1119 2373 1203 angeffibrte
2411 1119 2785 1186 »Instructio

291 1204 394 1270 17.
442 1204 623 1271 Febr.
677 1205 883 1270 1864«
936 1204 1175 1269 lautet:

1364 1326 1709 1394 lustr-ucria

495 1448 842 1515 Ordinariis
866 1447 1376 1513 communicanda
1397 1447 1459 1511 in
1488 1464 1748 1531 quorum
1786 1448 2184 1514 Dioecesibus
2210 1448 2438 1514 abusus
2461 1448 2783 1533 irrepserit

284 1535 640 1603 celebrandi
690 1534 882 1599 mixta
931 1534 1327 1600 matrimonia
1367 1534 1557 1599 etiam
1601 1553 1807 1600 coram
1856 1535 2202 1602 acatholico
2251 1535 2608 1604 ministello.

504 1623 637 1687 Non
684 1621 845 1686 latet
887 1620 1256 1704 quibusdam
1296 1621 1360 1685 in
1403 1620 1554 1686 locis
1601 1622 1980 1688 haereticum
2031 1621 2383 1687 ministrum
2430 1641 2615 1706 agere
2647 1642 2781 1706 per-

286 1727 506 1774 sonam
554 1708 959 1792 magistratus
1004 1726 1167 1773 mere
1213 1707 1434 1784 civilis,
1481 1726 1689 1773 coram
1737 1727 1857 1791 quo
1899 1726 1964 1773 se
2013 1709 2231 1774 sistere
2263 1709 2462 1775 solent
2491 1708 2785 1795 conjuges

289 1799 408 1861 aut
451 1795 645 1860 etiam
689 1794 917 1860 debent
962 1795 1039 1859 ob
1084 1794 1269 1859 finem
1312 1794 1669 1876 politicum,
1734 1814 1952 1879 nempe
2013 1799 2083 1860 ut
2131 1795 2478 1862 habeantur
2524 1796 2789 1862 civiliter

291 1883 537 1949 honesti
584 1882 876 1966 conjuges
920 1880 1244 1964 prolesque
1290 1884 1616 1946 censeatur
1662 1881 1969 1966 legitima.
2042 1882 2217 1948 Tunc
2249 1901 2390 1949 vero
2424 1885 2788 1966 urgentibus

293 1968 660 2046 haereticis,
705 1971 817 2033 aut
862 1968 1000 2051 lege
1049 1967 1217 2031 civili
1263 1967 1637 2051 imperante,
1691 1987 1808 2033 non
1854 1969 2236 2052 improbatur
2280 1970 2444 2053 quod
2488 1988 2633 2053 pars
2681 1989 2783 2035 ca-

289 2054 529 2121 tholica
587 2074 710 2119 una
768 2072 910 2119 cum
958 2055 1270 2119 haeretica
1333 2072 1398 2120 se
1461 2055 1647 2120 sistat
1700 2059 1845 2120 ante
1902 2055 1997 2120 vel
2058 2057 2197 2140 post
2262 2060 2650 2121 contractum
2712 2056 2788 2122 ad

290 2144 553 2208 formam
598 2140 948 2206 Tridentini
992 2141 1490 2219 matrimonium,
1554 2142 1743 2206 etiam
1799 2161 2003 2207 coram
2070 2142 2349 2208 ministro
2395 2144 2632 2209 haeresi
2679 2143 2787 2207 ad-

289 2229 461 2293 dicto
524 2227 601 2292 ad
663 2230 874 2293 actum
932 2227 1176 2293 civilem
1240 2227 1568 2294 dumtaxat
1611 2227 2021 2311 implendum.
2110 2230 2362 2294 Etenim
2410 2231 2485 2295 ad
2532 2230 2786 2294 dubium

289 2316 444 2382 olim
498 2316 589 2380 sic
648 2332 1000 2397 expressum
1062 2314 1324 2380 »Utrum
1372 2313 1731 2380 catholicus
1784 2334 1992 2381 coram
2041 2317 2282 2399 proprio
2328 2317 2633 2383 catholico
2681 2335 2789 2400 pa-

291 2402 479 2468 rocho
522 2420 662 2466 cum
713 2401 1020 2468 haeretico
1074 2401 1440 2467 contrahens
1499 2401 1672 2468 licite
1733 2403 1962 2485 possit,
2025 2403 2392 2485 urgentibus
2441 2404 2790 2481 haereticis,

290 2488 761 2556 matrimonium
811 2487 924 2555 hoc
974 2487 1284 2555 ratificare
1330 2505 1534 2554 coram
1585 2488 1871 2555 ministro
1919 2488 2262 2570 haeretico,
2325 2491 2378 2555 si
2425 2490 2600 2557 nulla
2645 2489 2791 2555 hinc

289 2578 453 2642 ritus
519 2575 817 2641 haeretici
882 2573 1177 2660 professio
1241 2575 1543 2641 habeatur
1605 2575 1726 2641 aud
1785 2576 2137 2659 colligatur,
2193 2578 2257 2643 et
2311 2576 2609 2660 quidquid
2675 2578 2792 2640 mi-

295 2664 496 2729 nister
537 2663 884 2727 baereticus
930 2665 994 2726 in
1039 2681 1185 2729 casu
1232 2662 1367 2745 agit
1413 2662 1614 2727 civilis
1655 2662 1985 2729 dumtaxat
2028 2667 2092 2728 et
2138 2663 2391 2746 politica
2454 2662 2790 2746 postulatio

290 2751 414 2901 ¹siit,
485 2751 548 2815 et
607 2752 964 2814 censeatur«
1030 2769 1139 2832 per
1198 2750 1356 2813 hanc
1407 2747 1470 2814 S.
1520 2748 2078 2832 congregationem
2127 2767 2488 2833 responsum
2536 2749 2657 2814 fuit
2699 2749 2792 2814 af-

341 2836 628 2902 rmative.

506 2922 735 2987 Verum
794 2921 1102 2987 enimvero
1161 2920 1669 3004 quotiescumque
1732 2921 2015 2985 minister
2077 2920 2426 2986 haereticus
2472 2923 2794 2987 censeatur

294 3009 491 3075 veluti
533 3009 722 3074 sacris
766 3007 1086 3087 addictus,
1153 3011 1217 3072 et
1262 3008 1437 3090 quasi
1488 3007 1752 3071 Parocbi
1800 3027 2050 3073 munere
2102 3007 2394 3091 fungens,
2460 3028 2576 3073 non
2645 3009 2794 3075 licet

291 3095 645 3163 catholicae
687 3094 850 3178 parti
896 3114 1019 3159 una
1067 3113 1206 3160 cum
1257 3093 1569 3160 haeretica
1614 3094 2135 3160 matrimonialem
2183 3114 2543 3161 consensum
2586 3114 2791 3161 coram

291 3182 414 3248 tali
463 3181 803 3248 ministello
849 3183 1186 3266 praestare,
1233 3199 1306 3246 eo
1350 3182 1498 3266 quia
1526 3180 1929 3246 adhiberetur
1966 3182 2041 3246 ad
2068 3182 2401 3265 quamdam
2435 3182 2791 3266 religiosam

293 3270 746 3335 coeremoniam
797 3268 1262 3350 complendam,
1327 3271 1390 3333 et
1447 3286 1590 3351 pars
1634 3267 1946 3334 catholica
1991 3269 2139 3334 ritui
2184 3269 2495 3334 haeretico
2540 3287 2605 3335 se
2650 3288 2792 3335 con·

292 3356 594 3433 sociaret;
671 3354 832 3420 unde
900 3357 1165 3421 oriretur
1239 3355 1544 3437 quaedam
1618 3355 1926 3438 implicita
2001 3356 2241 3421 haeresi
2315 3356 2643 3434 adhaesi0,
2721 3375 2794 3421 ac

296 3443 554 3527 proinde
622 3440 849 3508 illicita
918 3443 1161 3506 omnino
1225 3441 1556 3507 baberetur
1625 3460 1765 3506 cum
1839 3442 2165 3508 haereticis
2224 3445 2289 3507 in
2345 3442 2571 3508 divinis
2614 3463 2792 3509 com-

293 3529 657 3595 municatio.
726 3528 814 3592 Ea
856 3531 1100 3612 propter
1142 3529 1259 3593 etsi
1306 3527 1646 3611 perniciosa
1695 3527 1845 3593 haec
1890 3529 2268 3594 consuetudo
2306 3529 2650 3607 inoleverit,
2700 3530 2791 3595 ita

299 3619 369 3682 ut
413 3634 453 3681 a
500 3615 676 3682 Clero
722 3615 798 3679 de
834 3614 1016 3680 facile
1070 3615 1295 3697 corrigi
1360 3634 1476 3680 nou
1542 3615 1771 3697 possit;
1842 3615 2033 3681 nihilo
2087 3618 2296 3681 tamen
2363 3616 2562 3681 secius
2628 3617 2794 3682 omni

294 3702 580 3769 adhibito
646 3701 852 3767 studio
919 3720 992 3767 ac
1057 3702 1187 3767 zelo
1257 3701 1576 3766 evellenda
1644 3702 1785 3767 erit.
1886 3702 1967 3767 Et
2012 3721 2158 3767 sane
2212 3702 2584 3767 Benedictus
2625 3703 2794 3769 XIV.

295 3789 1830 3958 {32221031'0050azssssusfflsss‘tsti‘zma}bulliat,
1846 3792 2469 3951 ⁹⁰2d3¹1⁸355522⁰52¹ff
2514 3792 2796 3942 ’ξ’ἐ“’ἔέἑῗ

295 3965 631 4029 trabentes
673 3980 931 4046 peccare
977 3961 1344 4040 mortaliter,
1394 3963 1458 4027 et
1498 3981 1632 4026 esse
1673 3961 2030 4029 monendos

505 4049 866 4133 Opportune
910 4050 1120 4132 itaque
1164 4069 1201 4114 a
1245 4049 1331 4114 Te
1377 4049 1664 4114 instructi
1710 4049 2174 4114 et-commoniti
2227 4048 2484 4113 Parocbi
2531 4066 2603 4113 ac
2647 4046 2801 4111 Mis-

296 4137 552 4202 sionarii
598 4136 894 4201 edoceant
934 4134 1181 4214 fideles,
1226 4155 1351 4219 qua
1395 4135 1657 4219 publicis
1702 4136 1762 4199 in
1816 4136 2103 4200 Ecclesiis
2149 4135 2629 4212 Catecbesibus‚
2678 4152 2799 4217 qua

299 4223 565 4307 privatis
632 4222 1145 4288 instructionibus
1224 4222 1388 4286 circa
1464 4225 1849 4287 constantem
1925 4223 2239 4287 Ecclesiae
2316 4223 2657 4288 doctrinam
2736 4223 2800 4285 et

299 4311 575 4393 praxim,
635 4309 729 4373 ita
788 4312 860 4374 ut
919 4328 956 4373 a
1019 4309 1228 4375 mixtis
1274 4308 1714 4374 contrahendis
1761 4311 1995 4392 nuptiis
2035 4310 2237 4392 quoad
2285 4309 2414 4373 fieri
2463 4309 2657 4392 possit
2703 4325 2800 4371 sa-

295 4396 568 4462 lubriter
613 4400 1009 4474 avertantur;
1057 4397 1152 4460 sin
1199 4399 1429 4473 autem,
1480 4395 1852 4460 abhorreant
1900 4414 2146 4479 prorsus
2193 4415 2230 4460 a
2275 4394 2636 4461 celebrando
2672 4411 2798 4456 ma-

299 4483 597 4549 trimonio
634 4500 843 4547 coram
883 4483 1194 4547 haeretico
1239 4482 1525 4548 ministro
1569 4483 1763 4547 sacris
1811 4482 2082 4561 addict0‚
2132 4483 2196 4547 id
2242 4483 2402 4565 quod
2451 4479 2798 4545 omnimode

299 4569 599 4635 illicitum
646 4572 710 4634 et
753 4569 1146 4651 sacrilegium
1194 4573 1309 4633 est.
1379 4568 1477 4634 lta
1521 4587 1881 4650 responsum
1933 4570 2050 4633 fuit
2084 4568 2410 4633 Ordinario
2448 4566 2800 4632 'trevirensi

300 4656 420 4721 sub
466 4654 578 4721 fer.
630 4654 734 4719 lv,
784 4656 890 4724 27.
937 4656 1171 4739 Aprilis
1222 4656 1409 4720 1847.
