3303 5013
1256 293 1392 349 und
1430 292 1983 362 &nuenarianam
2743 274 2867 343 105

372 466 966 546 dismembrationis,
998 467 1465 552 suppressionis,
1496 465 1965 551 adsignationis,
2000 464 2386 544 adiectionis,
2414 464 2862 547 attributionis,

373 573 631 652 decreti,
680 572 960 639 mandati
1004 591 1077 638 ac
1124 572 1466 639 voluntatis
1510 571 1868 655 infringere,
1911 570 2006 636 vel
2048 569 2105 636 ei
2152 588 2306 636 ausu
2341 570 2671 637 temerario
2722 589 2866 637 eon-

374 677 587 745 traire.
679 676 746 744 Si
783 677 922 761 quis
965 678 1172 744 autem
1220 677 1373 743 baec
1421 678 1734 743 attentare
1798 674 2311 760 praesumpserit,
2372 674 2861 760 indignationem

370 781 819 867 omnipotentis
864 781 981 848 Dei
1027 784 1091 847 et
1136 781 1460 848 beatorum
1519 781 1692 848 Petri
1752 783 1818 847 et
1876 780 2053 846 Pauli
2114 779 2549 864 Apostolorum
2605 779 2754 846 Eius
2797 797 2864 846 se

374 886 619 953 noverit
660 886 1073 953 incursurum.

589 998 817 1066 Datum
887 1001 1118 1068 Romae
1187 1001 1349 1085 apud
1418 998 1480 1069 S.
1546 1001 1802 1066 Petrum
1870 999 1985 1065 sub
2052 997 2299 1066 Annulo
2359 996 2697 1065 Piscatoris
2762 997 2862 1063 die

376 1105 481 1169 17.
527 1103 908 1188 Septembris
957 1105 1145 1173 1902.
1241 1104 1646 1172 Pontificatus
1686 1104 1900 1170 Nostri
1951 1104 2130 1169 Anno
2177 1102 2491 1187 vigesimo
2534 1102 2772 1186 quinto.

586 1227 654 1292 L.
700 1229 746 1310 †
786 1225 850 1295 s.
1894 1226 2095 1293 Aleis.
2146 1224 2326 1293 card.
2371 1225 2650 1320 macchi.

374 1609 445 1679 2.
494 1609 787 1679 Reform
833 1610 956 1678 des
1000 1609 1642 1696 Trapistenordens
1684 1609 1906 1678 durch
1938 1610 2114 1677 Litt.
2144 1609 2386 1694 Apost.
2421 1608 2617 1676 Leo's
2646 1606 2858 1674 xln.

1232 1732 1392 1784 vom
1436 1714 1550 1783 80.
1593 1716 1752 1786 «Iuli
1799 1713 1988 1785 1902.

1332 1871 1489 1939 LEO
1542 1871 1669 1938 ΡΡ.
1719 1871 1898 1938 XIII.

1059 2012 1173 2078 Ad
1203 2018 1580 2097 perpetuam
1622 2014 1724 2080 rei
1765 2015 2148 2114 megnoriam.

585 2150 722 2216 Non
768 2150 1059 2217 mediocri
1103 2169 1248 2217 sane
1288 2152 1482 2217 animi
1527 2152 1740 2219 Nostri
1784 2152 2006 2222 solatio
2051 2151 2364 2236 percipere
2405 2151 2601 2228 licuit,
2649 2149 2859 2215 unita-

371 2257 505 2321 tem
572 2255 1180 2340 communionemque
1241 2256 1441 2336 vitae,
1507 2257 1631 2323 iam
1697 2255 1840 2323 inde
1900 2257 1977 2323 ab
2034 2256 2416 2323 anno.1892
2481 2254 2643 2320 inter
2688 2253 2860 2320 varia

378 2359 880 2426 Cisterciensium
948 2360 1417 2445 Trappistarum
1493 2361 1798 2428 Instituta
1865 2361 2134 2428 feliciter
2201 2361 2422 2426 initam
2443 2409 2458 2439 ,
2528 2358 2855 2425 firmiorem

374 2463 672 2549 temporis
732 2463 1144 2532 diuturnitate
1212 2463 1375 2531 effici
1445 2465 1873 2551 uberioresque
1930 2466 1992 2531 in
2055 2465 2185 2532 dies
2253 2464 2491 2531 fructus
2551 2480 2745 2548 usque
2788 2480 2859 2528 eo

375 2568 665 2652 proferre,
713 2571 781 2634 ut
821 2570 1103 2636 vetustus
1143 2570 1274 2654 ipse
1316 2568 1746 2638 cisterciensis
1791 2569 1955 2637 Ordo
2001 2570 2078 2636 ad
2126 2570 2386 2655 pristina
2421 2568 2700 2653 exempla
2736 2566 2856 2633 vir·

374 2672 532 2739 tutis
579 2673 847 2740 alacrius
905 2674 1254 2741 renovanda
1312 2674 1619 2742 excitatus
1680 2675 2116 2760 propemodum
2160 2674 2464 2742 videatur.
2556 2672 2675 2755 Qui
2720 2689 2859 2755 pro·

376 2778 536 2845 fecto
579 2777 777 2857 Ordo,
839 2796 877 2844 a
938 2778 1238 2858 Roberto,
1300 2779 1428 2846 viro
1482 2780 1909 2859 sanctissimo,
1967 2779 2208 2845 Abbate
2268 2776 2663 2845 Benedictino
2725 2776 2859 2843 Mo·

374 2884 684 2962 lesmensi,
731 2901 890 2948 anno
932 2883 1270 2951 christiano
1321 2884 1505 2963 1098,
1556 2885 1877 2969 auspicato
1923 2884 2208 2962 eductus,
2258 2883 2480 2950 mirum
2527 2882 2848 2967 quantum,

373 3005 525 3054 cura
597 2988 959 3071 praesertim
1034 2991 1097 3055 et
1161 2989 1366 3055 studio
1447 2989 1741 3056 Bernardi
1822 2988 2135 3067 Doctoris,
2216 2988 2540 3073 propagari
2606 2986 2855 3071 poterit.

374 3091 724 3158 Memoratu
767 3094 1007 3171 autem,
1069 3112 1143 3159 ne
1190 3094 1366 3177 plura
1421 3112 1810 3172 revocemus,
1879 3094 2070 3179 digna
2134 3092 2402 3160 occurrit
2462 3092 2853 3177 potissimum

374 3196 598 3263 animis
641 3197 992 3281 praeclarae
1035 3196 1542 3284 Congregationis
1587 3198 2059 3276 Savinlacensis,
2106 3216 2264 3283 quae
2309 3195 2679 3281 'l’rappensis
2726 3196 2853 3261 Ab·

373 3300 580 3368 batiae
625 3319 787 3368 anno
831 3302 1002 3367 1140
1045 3304 1285 3370 erectae
1333 3303 1783 3387 praefecturam
1830 3304 2105 3389 gerebat,
2155 3303 2232 3368 ad
2277 3301 2571 3370 Ordinem
2619 3299 2855 3366 Cister-

374 3405 671 3472 ciensium
718 3406 1019 3484 accessio,
1066 3408 1143 3473 ab
1189 3408 1465 3492 Eugenio
1512 3409 1631 3477 111.
1681 3409 2013 3475 Decessore
2057 3408 2319 3487 Nostro,
2377 3404 2633 3472 Litteris
2692 3403 2857 3470 datis

375 3507 474 3574 die
523 3509 622 3574 19.
670 3508 1049 3593 Septembris
1094 3530 1254 3578 anno
1300 3513 1486 3593 1147,
1534 3515 1717 3598 plene
1761 3513 2195 3598 cumulateque
2253 3511 2613 3597 approbata.
2706 3509 2856 3577 Om-

376 3614 557 3680 nibus
601 3633 741 3681 vero
786 3613 851 3680 in
895 3618 1207 3699 comperto
1255 3619 1385 3697 est,
1441 3636 1625 3703 quam
1704 3636 1925 3702 aspera
1988 3618 2152 3682 vitae
2213 3616 2485 3694 ratione,
2545 3617 2610 3681 et
2667 3631 2852 3698 quam

374 3719 600 3786 eximia
644 3738 881 3786 morum
942 3720 1352 3787 sanctimonia
1412 3722 1791 3808 perillustris
1852 3722 2107 3788 huiusce
2167 3719 2416 3788 Ordinis
2476 3718 2732 3786 Sodales
2791 3718 2855 3784 in

374 3823 716 3907 exemplum
762 3823 1103 3903 floruerint,
1151 3831 1503 3910 quantaque
1549 3826 1857 3894 Ecclesiae
1905 3825 2264 3893 Catholicae
2296 3824 2502 3909 reique
2535 3823 2651 3908 ipsi
2685 3823 2853 3889 civili

373 3930 527 3995 tunc
560 3928 893 3994 attulerint
917 3928 1350 3997 emolumenta.
1401 3930 1655 4006 Verum,
1685 3930 2040 3997 labentibus
2071 3929 2268 4007 annis,
2298 3932 2642 4013 temporum
2677 3928 2857 4012 plane

372 4032 604 4098 iniuria
660 4035 724 4098 et
787 4033 1174 4099 voluntatum
1226 4035 1615 4114 remissione,
1680 4055 1715 4100 a
1776 4035 2089 4120 primaeva
2142 4034 2448 4120 regularis
2491 4032 2854 4117 disciplinae

372 4138 766 4205 observantia
808 4137 1133 4222 paullatim
1179 4136 1505 4205 deflectere
1564 4141 1628 4205 et
1682 4140 1890 4207 latiori
1950 4139 2195 4206 vivendi
2253 4139 2486 4205 formae
2530 4137 2853 4222 indulgere

373 4242 567 4310 animi
613 4244 961 4325 coeperunt.
1050 4241 1184 4323 Quo
1226 4241 1462 4309 factum
1484 4291 1499 4321 ,
1549 4246 1617 4309 ut
1662 4262 1820 4328 quae
1864 4245 2049 4310 antea
2095 4243 2473 4328 praescripta
2510 4244 2575 4308 et
2619 4241 2857 4309 usitata

372 4348 614 4425 essent,
674 4363 746 4411 ea
789 4363 1031 4412 rursum
1074 4345 1138 4411 in
1182 4346 1538 4432 obsequium
1582 4348 1950 4432 redigenda,
2011 4350 2075 4415 et
2128 4349 2340 4434 qualia
2384 4349 2445 4413 in
2492 4346 2692 4432 prima
2737 4345 2852 4413 Or-

372 4450 538 4516 dinis
582 4452 788 4517 aetate
832 4450 1174 4537 viguerant,
1220 4452 1686 4538 religiosissime
1725 4472 1857 4520 esse
1901 4453 2324 4532 custodienda,
2372 4452 2450 4519 ad
2492 4470 2679 4518 unum
2724 4449 2853 4518 fere

374 4572 587 4621 omnes
633 4552 813 4620 fateri
858 4556 1238 4641 cogerentur.
1315 4556 1481 4624 Hinc
1525 4576 1643 4624 non
1680 4576 1876 4642 pauca
1919 4558 2362 4624 instaurandae
2404 4555 2853 4623 emendationis

368 4658 701 4724 conamina
743 4661 807 4724 et
847 4659 1262 4745 experimenta
1306 4662 1468 4729 haud
1514 4662 1704 4729 semel
1752 4665 2022 4746 peracta,
2069 4683 2140 4729 ex
2186 4662 2406 4748 quibus
2450 4661 2653 4746 plures
2705 4659 2851 4724 illae
