3303 5013
1132 293 1267 346 und
1304 291 1863 362 Enucheidunqen.
2616 274 2745 341 493

256 465 498 551 Wegen
564 466 674 532 der
744 465 1163 552 Wichtigkeit
1221 467 1331 533 der
1397 465 1594 533 Sacbe
1659 467 1807 532 wird
1867 467 2067 533 dieses
2132 466 2364 533 Dekret
2418 469 2584 533 samt
2629 465 2743 531 Er-

249 570 663 655 lauterungen
732 571 825 637 als
898 571 1199 655 Weisung
1273 590 1350 636 an
1426 570 1541 637 den
1617 570 1851 640 bochw.
1922 569 2453 656 Seelsorgelrlerus
2524 571 2746 636 biemit

250 674 602 759 publiziert.

465 780 575 846 Die
635 780 722 846 im
785 779 1727 864 Diozesan-Verordnungsblatt
1778 779 1891 847 Nr.
1937 781 2013 858 2,
2072 780 2149 845 de
2200 779 2406 857 1898,
2467 780 2582 844 sub
2626 778 2743 858 111,

246 881 310 951 8.
365 884 473 964 18,
534 886 841 951 erlassene
895 884 1203 969 Weisung
1261 883 1531 968 griindet
1586 884 1719 951 sich
1766 883 1878 949 auf
1914 884 2028 951 das
2075 886 2327 951 neueste
2370 882 2745 969 allgemeine

246 988 674 1055 verbindliche
716 988 951 1058 Dekret
994 989 1101 1056 der
1143 989 1790 1073 Ritenkongregation
1830 1007 1972 1054 vom
2018 989 2123 1055 30.
2170 989 2210 1055 J
2217 989 2324 1053 uni
2352 989 2548 1067 1896,
2597 988 2744 1053 wel-

248 1091 396 1157 ches
441 1093 556 1159 snb
603 1093 731 1159 Tit.
780 1093 867 1159 Vl
910 1092 1016 1181 (de
1051 1093 1247 1160 Missa
1290 1111 1401 1176 pro
1441 1092 1722 1177 Sponsis)
1766 1093 2049 1159 wortlich
2094 1092 2412 1176 folgendes
2461 1093 2743 1177 verfugt:

462 1197 572 1261 »In
619 1198 1033 1264 celebratione
1076 1198 1482 1280 Nuptiarum,
1529 1201 1704 1263 extra
1745 1197 1924 1263 Diem
1977 1197 2383 1275 Dominicam,
2418 1197 2518 1263 vel
2546 1197 2744 1262 alium

247 1298 476 1365 festum
523 1301 599 1366 de
646 1306 990 1387 praecepto,
1034 1321 1145 1369 seu
1190 1302 1252 1367 in
1300 1321 1419 1385 quo
1449 1305 1734 1368 occurrat
1772 1301 2013 1386 Duplex
2041 1302 2276 1386 primae
2308 1302 2403 1367 vel
2440 1301 2745 1368 secundae

247 1405 488 1483 classis,
532 1405 796 1472 dicenda
840 1410 934 1472 est
980 1406 1172 1471 Missa
1212 1424 1321 1492 pro
1365 1406 1599 1492 Sponso
1644 1412 1711 1472 et
1739 1405 1998 1490 Sponsa,
2039 1406 2104 1471 in
2136 1406 2258 1471 fine
2290 1405 2567 1473 Missalis
2603 1407 2749 1491 post

243 1509 408 1577 alias
457 1509 690 1577 Missas
730 1510 1082 1595 specialiter
1123 1512 1463 1597 assignata.

453 1614 526 1680 In
583 1614 800 1681 diebus
860 1634 1004 1682 vero
1065 1614 1406 1681 Dominicis
1461 1614 1722 1700 aliisque
1782 1614 2001 1680 diebus
2046 1614 2224 1680 festis
2270 1613 2344 1679 de
2393 1616 2739 1698 praecepto,

244 1737 482 1784 necnon
532 1718 751 1784 diebus
792 1718 1080 1801 Duplicia
1124 1719 1589 1785 excludentibus
1651 1718 1915 1785 dicenda
1959 1721 2056 1785 est
2101 1718 2293 1784 Missa
2337 1718 2412 1783 de
2454 1717 2555 1784 die
2600 1737 2744 1785 cum

243 1823 825 1889 commemoratione
866 1823 1095 1889 Missae
1141 1842 1249 1907 pro
1294 1822 1526 1908 Sponso
1571 1825 1637 1889 et
1688 1823 1954 1907 Sponsa,
2017 1826 2082 1889 et
2134 1823 2384 1908 quidem
2442 1823 2631 1889 etiam
2678 1823 2744 1888 in

246 1926 424 1993 festis
472 1928 706 2010 primae
750 1928 1000 2005 classis,
1069 1929 1184 1993 sub
1251 1928 1451 1994 altera
1520 1927 1952 2005 conclusione,
2020 1947 2093 1993 ac
2161 1927 2357 2011 primo
2427 1928 2556 1994 loco
2604 1928 2747 2011 post

246 2033 486 2097 ceteras
552 2032 1167 2098 commemorationes
1230 2032 1306 2098 de
1364 2034 1689 2116 praecepto
1710 2081 1727 2109 ,
1791 2032 1845 2097 si
1904 2050 2062 2117 quae
2112 2031 2454 2098 faciendae.
2547 2031 2746 2101 Missa

243 2154 352 2220 pro
396 2134 650 2219 Sponsis
695 2139 759 2202 et
803 2136 867 2202 in
915 2156 987 2202 ea
1031 2136 1377 2203 benedictio
1423 2136 1724 2221 nuptialis
1787 2136 1922 2203 fieri
1984 2138 2187 2221 potest
2225 2137 2415 2202 etiam
2461 2136 2526 2201 in
2569 2154 2737 2214 casu,

245 2259 365 2324 quo
414 2238 635 2324 Sponsi
681 2240 844 2306 infra
883 2239 1042 2306 banc
1086 2240 1340 2306 Missam
1386 2239 1638 2308 Sacram
1673 2239 2177 2307 Communionem
2220 2259 2338 2306 non
2382 2240 2743 2324 percipiant.

450 2344 859 2429 Temporibus
905 2364 1046 2411 vero
1091 2345 1420 2429 prohibitis
1440 2395 1457 2424 ,
1517 2345 1793 2429 Nuptiae
1838 2345 2087 2430 quidem
2142 2344 2438 2411 celebrari
2484 2346 2742 2430 possunt

242 2447 318 2514 de
366 2447 622 2515 licentia
661 2448 945 2535 Episcopi
1000 2453 1069 2516 at
1127 2451 1259 2516 sine
1317 2449 1715 2518 solemnitate
1734 2499 1751 2529 ,
1805 2448 2063 2535 ideoque
2124 2449 2444 2533 privatim,
2506 2451 2572 2516 et
2609 2467 2740 2516 om-

244 2553 450 2620 missis
525 2553 721 2620 Missa
789 2556 853 2620 et
927 2555 1370 2621 benedictione.
1475 2555 1726 2640 Neque,
1792 2554 2010 2620 iisdem
2076 2555 2491 2638 temporibus,
2559 2553 2742 2620 Com-

240 2659 606 2724 memoratio
669 2677 776 2742 pro
833 2657 1086 2742 Sponsis
1139 2658 1272 2724 fieri
1317 2661 1525 2741 potest
1568 2659 1633 2723 in
1677 2659 1874 2723 Missa
1918 2661 2298 2725 occurrente.
2387 2656 2618 2723 Verum
2665 2677 2739 2723 ex

240 2763 503 2827 Decreto
541 2761 828 2828 Generali
872 2761 934 2828 8.
985 2762 1052 2829 C.
1097 2762 1170 2826 R.
1216 2762 1601 2828 Universalis
1648 2761 2081 2846 Inquisitionis
2127 2762 2274 2827 dato
2315 2761 2421 2827 31.
2463 2762 2737 2846 Augusti

244 2866 434 2942 1881,
480 2866 819 2932 benedictio
858 2865 1174 2948 nuptialis
1203 2866 1626 2948 impertienda
1663 2868 1761 2930 est
1805 2868 1983 2932 extra
2023 2868 2271 2950 tempus
2316 2864 2609 2932 feriatum
2649 2868 2739 2933 iis

240 2968 627 3052 conjuyibue,
670 2971 782 3051 qui
824 2989 964 3034 eam
1006 2988 1390 3052 quacumque
1434 2989 1512 3035 ecc
1554 2989 1752 3035 causa
1793 2990 1925 3035 non
1955 2970 2354 3049 obtinuerint,
2398 2971 2737 3054 Missaque

225 3092 358 3157 pro
400 3071 646 3156 Sponso
687 3078 749 3139 et
792 3070 1039 3155 Sponsa
1081 3070 1255 3140 simul
1301 3072 1697 3152 celebroenda,
1744 3071 1965 3140 diebus
2000 3074 2395 3158 praescriptis
2427 3077 2497 3139 ut·
2526 3093 2732 3158 supra.

451 3176 823 3244 Benedictio
865 3177 1034 3244 enim
1074 3178 1469 3260 Nuptiarum
1512 3178 1581 3243 in
1625 3177 1897 3245 Missali
1929 3180 2145 3261 posita
2165 3226 2183 3258 ,
2229 3178 2283 3244 si
2329 3178 2548 3264 Sponsi
2599 3199 2735 3245 eam

237 3281 536 3366 petierint
578 3280 724 3369 (ipsi
770 3283 1045 3347 ceterum
1092 3282 1173 3347 ad
1219 3300 1356 3348 eam
1395 3301 1511 3348 non
1546 3281 1863 3367 adigendi,
1911 3282 2062 3349 bene
2092 3285 2303 3350 tamen
2335 3283 2737 3367 adhortandi)

236 3386 319 3453 ab
360 3387 510 3466 ipsa
551 3386 772 3453 Missa
804 3406 934 3470 pro
979 3384 1224 3469 Sponeo
1260 3393 1319 3453 et
1360 3386 1613 3469 Sporum
1653 3387 1942 3454 abstrahi
1999 3404 2294 3471 nunquam
2354 3390 2564 3472 potest
2621 3389 2739 3456 sed

235 3491 416 3574 infra
460 3511 602 3557 eam
645 3490 883 3556 omnino
920 3492 1069 3573 fieri
1110 3490 1301 3558 debet.

447 3594 805 3661 Notandum
847 3595 945 3660 est
985 3596 1197 3660 tamen
1220 3643 1237 3672 ,
1289 3594 1450 3679 quod
1504 3595 1558 3660 si
1597 3595 1822 3662 mulier
1866 3599 1963 3663 est
2007 3596 2194 3661 vidua
2237 3602 2302 3662 et
2346 3595 2505 3661 alias
2549 3596 2733 3662 bene·

238 3698 411 3764 dicta
454 3698 677 3779 fuerit,
735 3698 1081 3765 omittenda
1124 3701 1221 3764 est
1262 3701 1394 3765 tam
1442 3700 1789 3766 benedictio
1834 3700 2214 3784 Nuptiarum
2232 3748 2250 3780 ,
2304 3718 2491 3785 quam
2536 3700 2736 3766 Missa

237 3821 348 3887 pro
390 3801 623 3887 Sponso
671 3806 733 3869 et
774 3802 1067 3887 Sponsa«

451 3908 662 3973 Dieses
708 3907 1042 3992 allgemein
1100 3908 1347 3993 gultige
1405 3906 1639 3975 Dekret
1699 3908 1991 3976 schliesst
2049 3908 2166 3975 mit
2229 3908 2339 3975 der
2394 3909 2732 3976 ausdruck-

242 4010 442 4077 lichen
491 4010 787 4078 Klausel:

451 4114 627 4182 »Non
703 4115 1096 4181 obstantibus
1174 4115 1452 4182 Decretis
1541 4116 2032 4202 quibuscumque
2122 4117 2600 4201 particularibus
2666 4119 2728 4184 in

233 4220 613 4284 contrarium
653 4219 1045 4298 facientibus,
1090 4239 1248 4305 quae
1294 4239 1403 4304 per
1449 4221 1561 4287 boc
1600 4221 1911 4289 Generale
1947 4220 2280 4288 Decretum
2313 4224 2407 4289 uti
2441 4227 2730 4290 revocata

234 4340 312 4389 ac
355 4322 587 4388 nullius
628 4323 865 4388 roboris
913 4323 1195 4390 habenda
1236 4344 1370 4391 esse
1415 4322 1604 4392 Sacra
1643 4325 1880 4391 rituum
1927 4325 2341 4412 congregatio
2387 4327 2723 4393 declarat«

237 4427 354 4493 Die
398 4426 502 4494 30.
550 4427 725 4492 Junii
781 4427 966 4493 1896.

447 4531 656 4595 Durch
706 4530 815 4596 das
863 4531 1268 4599 vorstebende
1313 4533 1623 4618 generelle
1668 4533 1904 4600 Dekret
1964 4534 2104 4599 sind
2165 4534 2290 4600 alle
2351 4535 2567 4600 hieron
2615 4534 2729 4599 ab·

236 4635 648 4713 weichenden,
697 4636 795 4700 fur
837 4635 1124 4718 spezielle
1166 4635 1336 4703 Falle
1384 4638 1760 4722 getroffenen
1809 4637 2359 4724 Entscheidungen
2406 4637 2726 4706 derselben

293 4746 483 4794 archiv
512 4747 590 4794 mr
621 4745 993 4794 mahumet.
1032 4746 1314 4796 nxxxm.
2436 4743 2519 4807 32
