3303 5013
521 290 651 356 484
1372 307 1723 363 Kircmiche
1759 306 2170 362 Aktemtsscke

522 482 718 565 Atqui
777 498 1133 547 conservare
1193 479 1377 546 fidem
1437 479 1735 545 inviolate
1797 482 1861 545 et
1922 499 2029 563 pro
2088 478 2322 544 Christi
2382 498 2567 544 causa
2613 499 3032 565 propugnare,

527 586 645 651 nisi
691 604 918 669 magna
964 588 1027 651 et
1072 585 1306 650 invicta
1354 603 1391 649 a
1440 583 1922 649 difficultatibus
1984 584 2368 661 constantia,
2431 602 2611 650 nemo
2672 584 2855 651 homo
2914 605 3030 668 po-

524 692 669 755 test.
752 690 916 754 Dent
952 690 1151 774 igitur
1194 688 1534 754 studiosius
1579 707 1827 773 operam
1875 687 2151 755 colendis
2193 688 2436 767 animis,
2482 691 2786 773 quotquot
2814 689 3034 755 catho-

522 794 713 861 licum
741 794 1108 878 profitentur
1139 811 1397 871 nomem
1436 792 1583 858 fidei
1614 793 1849 877 grande
1879 810 2106 859 munus
2135 792 2502 877 prudentiae
2533 792 3035 878 vigilantiaeque

525 899 717 964 armis
761 900 1086 963 tueantur:
1135 897 1455 963 elaborent
1500 897 1929 964 vehementius
1973 897 2036 961 in
2082 896 2564 963 christianarum
2612 897 2789 964 cultu
2836 901 3031 981 atque

523 1002 958 1068 exercitatione
1000 1002 1306 1067 virtutum
1327 1053 1342 1079 ,
1390 1001 1905 1085 potissimumque
1953 1001 2237 1079 caritati,
2285 1000 2726 1085 abnegationi,
2775 1001 3032 1067 humili-

523 1107 663 1184 tati,
713 1124 1037 1191 rerumque
1082 1106 1458 1171 caducarum
1500 1105 1946 1189 contemptioni
1989 1108 2366 1171 assuescant.

734 1210 1069 1275 Adhortati
1132 1229 1346 1275 sumus
1410 1208 1600 1288 alias,
1672 1209 2049 1294 comprecari
2116 1209 2313 1275 Deum
2375 1209 2866 1294 omnipotentem
2931 1210 3029 1274 in·

525 1316 850 1392 sisterent,
913 1316 984 1379 ut
1046 1314 1122 1379 ad
1187 1313 1550 1397 religionem
1607 1313 1841 1379 avitam
1890 1314 2242 1379 universum
2288 1311 2657 1399 Anglorum*
2683 1332 2880 1398 genus
2927 1333 3027 1380 re·

525 1420 788 1498 stituat‚
850 1419 973 1483 vim
1032 1420 1238 1483 autem
1288 1417 1662 1502 impetrandi
1717 1437 1826 1502 per
1873 1436 2071 1483 mores
2117 1417 2367 1502 probos,
2433 1436 2544 1501 per
2602 1418 3024 1483 innocentiam

533 1523 699 1589 vitae
742 1524 956 1607 quaeri
1001 1522 1267 1588 diximus
1313 1525 1610 1605 oportere.

735 1627 969 1692 Iterum
1034 1627 1215 1693 hodie
1278 1644 1597 1692 monemus
1660 1645 1731 1692 ac
1786 1644 2081 1710 rogamus
2142 1625 2328 1693 idem.
2437 1627 2644 1709 Atque
2693 1625 2879 1709 hujus
2936 1626 3025 1691 rei

530 1749 718 1797 causa
791 1731 1114 1815 propagari
1191 1731 1692 1816 frequentarique
1761 1730 1926 1814 piam
2002 1729 2414 1796 Sodalitatem
2481 1729 2662 1795 valde
2716 1730 3019 1813 cupimus,

527 1836 717 1902 titulo
767 1835 1041 1901 »Mariae
1083 1835 1310 1900 Matris
1354 1834 1777 1901 Perdolentis‹
1827 1835 2202 1900 auctoritate
2245 1834 2477 1900 Nostra
2516 1833 2873 1900 institutam
2906 1835 3025 1916 (1).

527 1940 629 2006 Ita
674 1959 889 2023 nempe
936 1939 1275 2005 catholicos
1320 1939 1599 2024 singulos
1643 1938 1930 2004 convenit
1985 1958 2095 2023 pro
2142 1938 2345 2004 salute
2390 1938 2592 2003 aliena
2635 1938 3023 2013 contendere,

533 2047 606 2110 ut
649 2044 946 2110 studeant
986 2043 1240 2109 insimul
1286 2061 1462 2120 suae,
1509 2043 1586 2108 ad
1633 2042 2033 2109 sanctitatem
2079 2041 2332 2127 ipsimet
2385 2043 2554 2108 omni
2607 2061 2723 2126 ope
2773 2042 3013 2108 connixi

413 2198 423 2209 .
539 2146 680 2214 »Sic
746 2148 951 2212 luceat
1018 2147 1123 2212 lux
1176 2150 1380 2212 vestra
1447 2166 1655 2213 coram
1721 2147 2110 2224 hominibus,
2183 2150 2256 2215 ut
2301 2146 2552 2212 videant
2594 2154 2780 2230 opera
2822 2150 3024 2213 vestra

530 2253 690 2318 bona
734 2255 799 2316 et
837 2251 1187 2336 glorificent
1220 2252 1470 2317 Patrem
1502 2252 1798 2331 vestrum,
1840 2254 1946 2335 qui
1974 2251 2039 2316 in
2070 2250 2258 2316 coelis
2289 2252 2449 2317 est«.
2481 2250 2735 2333 (Matth.
2765 2251 2837 2319 V.
2874 2253 3018 2331 16.).

743 2356 836 2420 Ad
869 2359 1209 2421 extremum
1245 2358 1462 2421 sancta
1491 2355 1576 2420 sit
1607 2355 1768 2439 apud
1810 2358 2050 2420 nostros
2080 2355 2470 2420 observantia
2505 2355 2766 2421 Romani
2810 2355 3021 2421 Ponti-

529 2461 786 2539 ficatus;
833 2479 904 2526 ac
950 2460 1000 2525 si
1046 2460 1150 2544 qui
1197 2479 1268 2526 ex
1320 2459 1690 2526 adversariis
1733 2459 2168 2527 auctoritatem
2216 2459 2349 2543 ejus
2391 2460 2501 2526 aut
2531 2458 2775 2526 elevare
2819 2460 3019 2537 dictis,

528 2570 640 2634 aut
685 2567 741 2629 in
784 2566 1188 2649 suspicionem
1237 2565 1541 2630 adducere
1586 2566 1886 2642 nitantur,
1935 2584 2037 2630 eos
2068 2564 2357 2630 refellant
2395 2583 2513 2629 non
2547 2564 2776 2647 pavidi,
2823 2565 3021 2630 Vene-

527 2670 746 2736 rabilis
795 2670 999 2736 Bedae
1045 2669 1357 2736 Ecclesiae
1401 2669 1671 2735 doctoris
1716 2669 1961 2754 objecta
2014 2668 2358 2734 sententia:
2422 2667 2542 2733 Sed
2602 2668 2741 2733 ideo
2805 2669 3019 2735 beatus

533 2777 775 2852 Petrus,
838 2773 944 2858 qui
1006 2774 1323 2841 Christum
1380 2792 1524 2838 vera
1583 2772 1704 2837 fide
1751 2774 2096 2851 confessuS,
2160 2789 2299 2837 vero
2352 2773 2448 2837 est
2500 2791 2708 2838 amore
2751 2775 3017 2848 secutus,

528 2879 881 2963 specialiter
924 2879 1129 2944 claves
1174 2878 1350 2962 regni
1392 2877 1700 2943 coelorum
1749 2878 1814 2942 et
1847 2876 2260 2960 principatum
2285 2875 2655 2960 judiciariae
2688 2878 3016 2959 potestatis

528 2985 788 3068 accepit,
837 2986 907 3048 ut
949 3002 1161 3048 omnes
1207 3002 1314 3067 per
1349 2983 1554 3048 orbem
1603 2980 1923 3047 credentes
1961 2980 2408 3066 intelligerent,
2455 2982 2601 3064 quia
2647 2981 3017 3066 quicumque

529 3087 609 3153 ab
654 3088 899 3152 unitate
941 3087 1119 3166 fidei,
1182 3087 1280 3152 vel
1327 3086 1624 3152 societate
1665 3085 1836 3151 illius
1882 3085 2242 3169 semetipsos
2282 3088 2641 3169 segregent,
2704 3085 2866 3152 tales
2915 3105 3019 3150 nec

529 3191 793 3258 vinculis
853 3194 1244 3275 peccatorum
1307 3190 1543 3256 absolvi
1601 3208 1712 3255 nec
1766 3190 2020 3273 ,ianuam
2083 3189 2322 3273 possint
2364 3191 2541 3273 regni
2586 3191 2876 3256 caelestis
2921 3191 3014 3255 in-

531 3295 726 3380 gredi.
773 3295 987 3380 (Hom.
1031 3294 1137 3360 lib.
1193 3295 1341 3379 16.).

743 3398 1101 3465 Divinorum
1129 3416 1455 3464 munerum
1481 3399 1798 3482 auspicem
1824 3398 2408 3481 benevolentiaeque
2432 3397 2700 3463 Nostrae
2730 3400 3015 3479 paternae

529 3506 751 3570 testem
803 3502 987 3583 vobis,
1041 3503 1437 3569 venerabiles
1468 3504 1722 3568 Fratres
1754 3502 2097 3586 populoque
2129 3505 2329 3568 vestro
2361 3501 2790 3584 Apostolicam
2825 3502 3013 3567 Bene·

527 3608 861 3676 dictionem
906 3610 1301 3693 peramanter
1347 3609 1412 3672 in
1459 3608 1722 3674 Domino
1768 3606 2178 3689 impertimus.

739 3714 970 3779 Datum
1022 3713 1252 3779 Romae
1299 3712 1461 3796 apud
1506 3710 1801 3777 Sanctum
1853 3712 2111 3776 Petrum
2158 3710 2258 3775 die
2307 3710 2408 3775 ll.
2459 3709 2778 3775 Februarii
2832 3709 3015 3787 1901,

529 3837 686 3885 anno
727 3818 1136 3885 Pontificatus
1181 3816 1396 3883 Nostri
1444 3816 1732 3882 vicesimo
1775 3816 1981 3882 tertio.

2240 3901 2369 3968 Leo
2413 3899 2546 3966 ΡΡ.
2600 3900 2811 3967 ΧΠΙ.

532 4177 591 4243 2.
667 4175 875 4243 Kann
921 4176 1039 4244 ein
1082 4175 1523 4260 irrsinniger
1567 4174 1989 4244 Kanonikus
2032 4173 2401 4259 optlereni
2481 4171 2638 4240 Wle
2692 4171 2897 4239 steht
2945 4187 3017 4237 es

527 4280 669 4348 mit
720 4278 854 4348 den
905 4280 1046 4347 mit
1097 4278 1255 4346 dem
1305 4278 1763 4347 Kanonikate
1807 4278 2303 4347 verbundenen
2346 4275 3018 4362 Verpssichtungeni

738 4433 919 4499 Diese
968 4433 1182 4498 beiden
1232 4431 1474 4515 Fragen
1523 4433 1768 4496 wurden
1809 4432 1871 4496 in
1904 4429 2074 4497 einer
2103 4432 2556 4496 interessanten
2587 4429 2789 4496 Causa
2819 4428 3017 4496 Osna-

533 4538 856 4620 burgensis
899 4537 1096 4602 durch
1144 4536 1243 4601 die
1286 4536 1346 4600 S.
1394 4535 1616 4619 Oongr.
1665 4534 1846 4602 Conc.
1911 4552 2010 4599 am
2058 4536 2163 4603 28.
2216 4535 2387 4600 Marz
2431 4534 2599 4600 1903
2651 4532 2844 4599 dahin
2908 4534 3014 4598 be·

533 4641 879 4715 antwortet,
924 4638 1068 4703 dass
1114 4638 1271 4702 auch
1316 4639 1414 4702 ein
1458 4638 1823 4723 irrsinniger
1859 4639 2166 4704 Domherr
2197 4657 2267 4704 eo
2299 4639 2429 4720 ipso
2457 4645 2520 4702 in
2553 4638 2653 4703 ein
2684 4636 3017 4721 erledigtes
