3303 5013
510 299 635 376 100
1345 313 1696 383 Rev-chricha
1737 309 2140 383 mammete

715 502 786 570 V.
830 539 915 549 —
963 500 1081 567 De·
1101 501 1264 570 clero
1300 500 1634 569 saeculari.
1686 538 1764 550 -
1812 499 2115 584 Quoniam
2161 498 2520 583 experiendo
2583 497 2767 583 plane
2818 515 2987 565 com-

506 609 745 692 pertum
779 608 893 686 est,
940 607 1172 673 clerum
1205 605 1560 690 indigenam
1593 604 1923 689 perutilem
1956 604 2182 689 ubique
2214 621 2367 682 esse,
2398 607 2618 670 curent
2652 603 2987 687 diligenter

508 711 792 797 Episcopi
856 712 926 776 nt
988 710 1421 796 indigenarum
1497 709 1889 777 sacerdotum
1962 727 2251 774 numerus
2318 708 2535 792 augeri
2591 708 2833 785 valeat;
2891 708 2988 774 ita

503 819 712 881 tamen
760 819 832 882 ut
872 814 1012 880 illos
1055 817 1241 880 antea
1285 814 1363 881 ad
1410 815 1708 898 pietatem
1751 832 1994 880 omnem
2046 832 2119 879 ac
2180 812 2568 897 disciplinam
2627 812 2987 892 instituant,

505 919 875 1003 idoneosque
937 920 1176 998 norint,
1234 919 1460 1003 quibus
1520 917 1943 985 ecclesiastica
2007 917 2217 983 munia
2261 916 2728 984 demandentur.
2820 916 2988 999 Quos

508 1043 647 1091 vero
692 1041 839 1089 usus
883 1026 949 1089 et
1004 1023 1378 1107 experientia
1436 1023 1917 1106 praestantiores
1983 1022 2357 1101 ostenderit,
2418 1040 2521 1088 eos
2582 1021 2657 1087 ad
2717 1022 2991 1106 potiores

506 1128 966 1214 procurationes
1026 1128 1339 1213 gradatim
1403 1127 1719 1194 advocent.
1832 1126 1902 1192 Id
1969 1146 2110 1192 vero
2168 1127 2430 1193 maxime
2489 1126 2987 1192 commendatum

508 1234 779 1299 babeant
821 1232 924 1318 qni
970 1233 1033 1297 in
1075 1232 1236 1298 clero
1277 1234 1620 1309 censentur,
1673 1252 1746 1297 ue
1791 1232 1989 1315 abripi
2037 1250 2103 1297 se
2144 1232 2418 1316 partium
2460 1230 2686 1297 studiis
2715 1250 2988 1315 unquam

505 1338 732 1403 sinant.
801 1335 1097 1418 Quamvis
1140 1337 1305 1403 enim
1350 1337 1663 1403 communi
1712 1336 1852 1422 lege
1890 1338 1975 1402 sit
2019 1339 2294 1415 cautum,
2340 1354 2415 1402 ne
2452 1336 2558 1419 qui
2593 1336 2827 1402 militat
2859 1335 2991 1401 Deo

503 1462 570 1509 se
615 1443 893 1526 implicet
937 1441 1202 1527 negotiis
1245 1440 1701 1520 saecularibus;
1762 1441 2060 1525 peculiari
2105 1445 2315 1506 tamen
2361 1440 2574 1519 modo,
2620 1441 2696 1507 ob
2742 1440 2988 1524 tempo-

507 1567 640 1614 rum
688 1565 1011 1632 rerumque
1057 1546 1366 1626 adiuncta,
1413 1546 1529 1612 boc
1572 1546 1635 1611 in
1673 1545 2048 1629 Philippinis
2078 1546 2300 1613 insulis
2331 1546 2408 1610 ab
2440 1545 2789 1612 bominibus
2824 1545 2988 1611 sacri

503 1653 735 1720 ordinis
778 1650 1177 1719 devitandum
1210 1650 1510 1718 ducimus.
1561 1651 1912 1730 Praeterea,
1944 1650 2232 1735 quoniam
2264 1649 2605 1717 animorum
2638 1649 2992 1716 coniunctio

506 1757 834 1841 praecipua
884 1756 973 1822 vis
1020 1758 1116 1822 est
1160 1755 1237 1822 ad
1285 1755 1548 1840 grandia
1591 1756 1847 1840 quaevis
1889 1756 2076 1840 atque
2121 1754 2304 1821 utilia
2364 1753 2768 1838 perficienda,
2827 1773 2988 1832 eam,

506 1869 633 1944 pro·
657 1860 976 1943 religionis
1023 1860 1197 1937 bono,
1241 1860 1587 1925 sacerdotes
1626 1879 1872 1939 omnes,
1934 1859 2105 1925 nulla
2149 1859 2532 1943 exceptione,
2594 1858 2722 1926 sive
2767 1877 2802 1923 e
2852 1877 2994 1924 sae-

505 1963 702 2031 culari
760 1964 922 2029 clero
980 1963 1140 2039 sint,
1204 1963 1333 2030 sive
1394 1964 1456 2029 in
1514 1964 1823 2048 religiosis
1870 1963 2125 2029 familiis
2169 1966 2571 2043 censeantur,
2631 1964 2793 2029 inter
2854 1981 2992 2029 sese

504 2067 956 2134 studiosissime
1004 2067 1269 2134 foveant.
1364 2067 1555 2133 Decet
1612 2086 1761 2134 saue
1821 2070 1891 2134 ut
1945 2068 2051 2152 qui
2110 2087 2301 2134 unum
2351 2070 2499 2134 sunt
2541 2087 2760 2153 corpus
2806 2067 2992 2132 unius

504 2173 729 2257 capitis
774 2171 1032 2251 Christi,
1078 2189 1192 2237 non
1240 2171 1358 2236 sibi
1400 2170 1661 2237 invicem
1707 2172 2045 2251 invideant,
2093 2173 2201 2240 sed
2248 2173 2427 2239 unius
2468 2173 2597 2238 sint
2630 2172 2989 2248 voluntatis,

504 2278 766 2344 caritate
826 2276 1240 2342 fraternitatis
1301 2275 1561 2340 invicem
1625 2274 1974 2360 diligentes.
2068 2276 2181 2342 Cui
2243 2277 2490 2362 quidem
2551 2278 2797 2344 caritati
2847 2296 2987 2362 pro·

506 2381 817 2448 vehendae
859 2380 1342 2464 disciplinaeque
1384 2380 1571 2446 simul
1621 2380 1819 2465 vigori
1863 2382 2198 2461 servando,
2258 2382 2651 2448 meminerint
2698 2381 2988 2465 Episcopi

507 2486 790 2570 prodesse
834 2485 1167 2571 plurimum
1214 2484 1537 2572 synodales
1580 2489 1915 2554 conventus
1964 2486 2226 2554 subinde
2287 2504 2535 2572 cogere,
2603 2505 2709 2571 pro
2768 2504 2982 2572 oppor-

503 2592 778 2658 tunitate
820 2591 1090 2657 locorum
1130 2610 1203 2656 ac
1249 2593 1615 2675 temporum.
1710 2590 1883 2673 Quod
1931 2591 1984 2657 si
2031 2591 2230 2658 faxint
2288 2611 2410 2657 una
2466 2592 2586 2657 erit
2633 2592 2816 2657 facile
2855 2611 2990 2657 om-

507 2698 674 2763 nium
719 2696 1023 2763 sentiendi
1068 2697 1226 2762 ratio
1264 2714 1507 2781 unaque
1551 2695 1798 2780 agendi.
1889 2696 1987 2763 Ne
2031 2715 2171 2762 vero
2217 2698 2548 2780 conceptus
2585 2695 2773 2763 semel
2804 2695 2992 2762 ardor

504 2802 565 2866 in
625 2801 773 2869 cleri
832 2801 1181 2867 hominibus
1232 2800 1577 2880 deferveat,
1637 2802 1701 2866 et
1758 2802 1831 2866 ut
1892 2801 2153 2867 virtutes
2215 2801 2559 2867 sacerdotio
2619 2800 2846 2885 dignae
2890 2820 2986 2867 re·

501 2906 820 2972 tineantnr
863 2908 926 2971 et
969 2909 1270 2984 crescant,
1310 2904 1481 2989 pium
1528 2904 1946 2989 spiritualium
1995 2904 2438 2972 Exercitiorum
2479 2905 2841 2970 institutum
2890 2905 2987 2971 vel

506 3009 768 3076 maxime
812 3009 1118 3076 conducit.
1211 3009 1442 3076 Curent
1504 3009 1731 3076 idcirco
1795 3011 2076 3094 Episcopi
2148 3012 2216 3076 ut
2269 3011 2573 3095 quotquot
2639 3011 2700 3074 in
2757 3012 2983 3076 sortem

505 3114 753 3179 Domini
801 3115 997 3179 vocati
1045 3116 1209 3190 sunt,
1255 3114 1441 3180 tertio
1479 3114 1705 3180 saltem
1750 3132 1990 3198 quoque
2020 3133 2199 3193 anno,
2246 3114 2311 3180 in
2342 3117 2748 3199 opportunum
2782 3115 2986 3180 locum

503 3220 581 3283 ad
627 3220 1017 3284 aeternarum
1064 3235 1268 3282 rerum
1315 3217 1779 3283 meditationem
1826 3220 2139 3297 secedant,
2183 3237 2303 3303 qno
2345 3219 2584 3285 scilicet
2628 3220 2910 3300 acceptas
2945 3237 2984 3282 a

505 3321 812 3387 mundano
856 3321 1105 3405 pulvere
1150 3322 1356 3386 sordes
1404 3322 1617 3388 eluant
1661 3326 1726 3388 et
1777 3322 2260 3391 ecclesiasticum
2306 3324 2591 3407 spiritum
2641 3324 2987 3389 instaurare

503 3428 754 3509 queant.
824 3424 1245 3511 Satagendum
1294 3426 1541 3511 insuper
1586 3431 1703 3507 est,
1753 3432 1824 3493 ut
1866 3446 2181 3495 sacrarum
2213 3428 2677 3512 disciplinarum
2708 3425 2986 3492 studium

502 3530 809 3615 frequenti
854 3530 1290 3597 exercitatione
1348 3531 1412 3598 iu
1473 3532 1635 3598 clero
1690 3533 1935 3618 vigeatt
1999 3535 2211 3602 Labia
2265 3536 2433 3601 enim
2489 3533 2836 3602 sacerdotis
2880 3551 2987 3597 cu-

498 3635 769 3703 stodient
822 3636 1171 3714 scientiam,
1232 3655 1354 3719 quo
1416 3655 1634 3720 nempe
1697 3637 1912 3704 docere
1955 3638 2151 3722 possit
2197 3638 2445 3717 fideles,
2505 3638 2610 3723 qui
2654 3638 2844 3721 leyem
2886 3657 2984 3702 re·

501 3744 757 3824 quirem
798 3741 876 3808 de
917 3760 1025 3808 ore
1064 3742 1217 3809 eius.
1312 3741 1488 3806 Nihil
1535 3759 1679 3806 vero
1721 3742 1798 3806 ad
1853 3742 2017 3808 hunc
2061 3741 2248 3808 finem
2292 3743 2497 3826 aptius
2553 3760 2739 3824 quarn
2789 3741 2988 3807 colla-

502 3847 700 3911 tiones
748 3846 972 3912 habere
1019 3846 1295 3929 saepius,
1358 3848 1493 3911 tum
1558 3844 1633 3911 de
1679 3865 1746 3911 re
1792 3865 2062 3925 morum,
2133 3850 2268 3914 tum
2320 3849 2396 3912 de
2442 3845 2753 3930 liturgicis
2798 3864 2989 3930 quae·

500 3950 819 4016 stionibus.
912 3949 1089 4032 Quod
1133 3950 1187 4015 si
1233 3950 1537 4034 asperitas
1582 3949 1897 4030 itinerum,
1946 3953 2302 4018 contractus
2348 3950 2731 4017 sacerdotum
2772 3969 2986 4016 nume-

502 4073 639 4133 rus,
700 4053 934 4120 aliaeve
987 4054 1049 4118 id
1118 4073 1313 4140 genus
1377 4072 1601 4120 causae
1667 4058 2002 4123 conventus
2049 4055 2347 4122 eiusmodi
2395 4054 2472 4120 ad
2520 4054 2986 4139 disceptandum

500 4158 860 4244 impediant,
907 4159 1212 4242 optimum
1258 4159 1432 4226 factu
1483 4159 1625 4238 erit,
1672 4159 1723 4225 si
1765 4160 1951 4226 abiis
1982 4160 2087 4243 qui
2119 4159 2319 4225 coetui
2351 4159 2649 4226 interesse
2679 4161 2990 4243 nequeunt

498 4265 883 4349 praepositae
927 4265 1317 4347 quaestiones
1356 4264 1591 4347 scripto
1631 4265 1971 4330 enodentur
2001 4268 2065 4329 et
2092 4263 2409 4348 Episcopis
2439 4265 2679 4331 statuto
2707 4267 2988 4347 tempore

496 4368 968 4436 submittantur.

704 4473 811 4540 VI.
863 4508 938 4519 —
991 4471 1090 4539 De
1126 4472 1521 4543 saumariis.
1580 4514 1649 4524 —
1701 4474 1931 4557 Quanti
1962 4474 2156 4540 faciat
2191 4474 2465 4540 Ecclesia
2495 4472 2982 4539 adolescentium

494 4577 858 4653 seminaria,
920 4576 1024 4659 qui
1069 4576 1132 4640 in
1180 4576 1326 4641 cleri
1373 4597 1542 4661 spem
1589 4578 1965 4655 educantur,
2028 4577 2368 4662 perspicere
2413 4577 2560 4643 licet
2604 4596 2677 4642 ex
2719 4575 2981 4643 Triden-

494 4682 664 4746 tinae
708 4679 934 4765 Synodi
981 4680 1242 4759 decreto,
1291 4700 1409 4765 quo
1450 4701 1523 4746 ea
1568 4682 1835 4765 primum
1880 4686 2027 4747 sunt
2070 4682 2381 4748 instituta.
2454 4682 2714 4766 Oportet
2751 4682 2980 4746 idcirco
