3303 5013
489 323 618 391 690
1342 338 1693 398 Kirchls‘che
1731 339 2134 398 Aktensmcke

492 518 602 582 aut
645 516 1029 581 terrenarum
1094 514 1442 581 utilitatum
1507 517 1809 598 respectu.
1902 513 2180 578 Illustria
2238 512 2536 581 eiusmodi
2598 515 2696 580 tot
2740 512 2977 580 Christi

493 622 761 686 militum
810 621 1085 703 exempla
1131 619 1310 704 longe
1357 619 1558 704 magis
1591 619 1863 684 valitura
1908 620 2055 683 sunt
2096 617 2174 683 ad
2218 619 2691 686 commovendos
2736 618 2977 684 animos

490 725 931 807 rapiendosque
980 743 1164 807 quam
1213 725 1398 790 verba
1444 723 1908 807 exquisitaeque
1948 722 2461 806 disceptationes;
2517 722 2746 807 fietque
2794 723 2976 788 facile

490 832 582 907 ut,
628 830 867 893 abiecto
897 833 1087 906 metu,
1138 827 1407 912 depulsis
1441 827 1831 911 praeiudiciis
1870 845 1942 891 ac
1975 826 2486 906 dubitationibus,
2534 827 2976 911 quamplurimi

489 932 566 998 ad
592 931 910 997 Christum
936 933 1341 1002 traducantur
1371 933 1826 1015 provehantque
1854 931 2079 1014 ubique
2108 931 2392 997 notitiam
2416 934 2547 997 eius
2575 933 2638 998 et
2666 951 2974 1009 amorem3

491 1056 648 1120 quae
690 1038 766 1100 ad
814 1055 1170 1120 germanam
1233 1036 1611 1120 solidamque
1660 1035 2024 1101 beatitatem
2084 1039 2227 1101 sunt
2280 1036 2398 1103 via.
2487 1036 2770 1103 Profecto
2817 1036 2871 1102 si
2913 1036 2975 1100 in

492 1142 762 1220 urbibus,
811 1140 862 1206 si
910 1141 973 1204 in
1019 1141 1198 1223 pagis
1236 1140 1556 1224 quibusvis
1595 1142 1927 1223 praecepta
1974 1140 2090 1204 Dei
2146 1141 2521 1207 tenebuntur
2567 1140 2861 1218 fideliter,
2922 1140 2976 1206 si

490 1245 678 1310 sacris
719 1245 837 1310 erit
899 1245 1107 1321 honos,
1169 1243 1221 1308 si
1279 1244 1561 1328 frequens
1607 1248 2133 1310 sacramentorum
2183 1263 2350 1324 usuS,
2412 1245 2464 1309 si
2512 1246 2717 1310 cetera
2762 1248 2971 1310 custo·

489 1350 738 1414 dientur
768 1368 925 1431 quae
972 1347 1051 1413 ad
1084 1347 1459 1415 christianae
1487 1349 1653 1414 vitae
1685 1349 1985 1415 rationem
2019 1349 2366 1433 pertinent3
2416 1349 2568 1413 nihil
2617 1348 2974 1427 admodum,

495 1452 891 1518 Venerabiles
944 1452 1214 1538 Fratres,
1270 1452 1711 1518 elaborandum
1759 1452 1879 1517 erit
1918 1451 2180 1517 ulterius
2242 1455 2313 1517 ut
2358 1453 2566 1518 omnia
2609 1453 2676 1517 in
2723 1453 2977 1518 Christo

493 1557 930 1622 instaurentur.
1000 1555 1216 1641 Neque
1256 1557 1406 1623 haec
1450 1557 1649 1622 solum
1699 1557 2057 1622 coelestium
2103 1557 2397 1622 bonorum
2441 1558 2977 1641 prosequutionem

491 1662 768 1743 spectare
814 1660 1278 1726 existimentur:
1329 1662 1626 1727 iuvabunt
1669 1662 1881 1739 etiam,
1929 1680 2114 1746 quam
2149 1680 2303 1744 quae
2345 1663 2626 1740 maxime,
2672 1660 2751 1726 ad
2794 1662 2979 1726 huius

491 1765 624 1830 aevi
672 1764 1069 1848 publicasque
1100 1765 1422 1830 civitatum
1464 1764 1792 1831 utilitates.
1862 1764 1978 1829 His
2020 1783 2284 1849 namquo
2313 1765 2603 1843 obtentis,
2646 1765 2980 1849 optimates

491 1887 562 1934 ac
606 1869 943 1952 locupletes
989 1869 1303 1953 aequitate
1348 1869 1534 1934 simul
1567 1870 1632 1933 et
1678 1869 1942 1934 caritate
1975 1868 2359 1935 tenuioribus
2399 1869 2682 1948 aderunt,
2733 1869 2796 1934 hi
2839 1888 2980 1936 vero

491 1972 835 2039 afflictioris
880 1973 1161 2037 fortunae
1205 1972 1531 2057 angustias
1576 1972 1919 2038 sedate'ac
1969 1973 2278 2056 patienter
2333 1973 2567 2050 ferent3
2632 1973 2798 2039 cives
2862 1992 2977 2038 non

489 2076 819 2160 cupiditati
865 2076 970 2140 sed
1015 2076 1259 2161 legibus
1305 2078 1644 2160 parebunt3
1713 2076 2015 2160 principes
2061 2079 2124 2142 ct
2166 2078 2468 2162 quotquot
2526 2076 2977 2161 rempublicam

491 2182 734 2264 gerunt,
804 2200 1061 2264 quorum
1120 2202 1250 2247 non
1310 2188 1397 2248 est
1434 2187 1713 2264 potestas
1757 2183 1890 2247 nisi
1936 2203 1978 2247 a
2028 2181 2163 2247 Deo
2184 2185 2255 2264 ¹),
2322 2182 2513 2247 vereri
2578 2200 2651 2246 ac
2714 2181 2978 2266 diligere

491 2285 770 2350 sanctum
819 2287 953 2350 erit.
1031 2285 1190 2367 Quid
1242 2285 1464 2368 plura?
1539 2286 1715 2351 Tunc
1760 2287 2011 2351 demum
2057 2286 2339 2351 omnibus
2384 2304 2742 2370 persuasum
2787 2286 2981 2351 fuerit

491 2388 710 2454 debere
754 2388 1112 2468 Ecclesiam,
1158 2389 1361 2475 prouti
1407 2390 1484 2455 ab
1531 2392 1782 2456 auctore
1829 2389 2078 2457 Christo
2116 2395 2213 2456 est
2254 2391 2521 2471 condita,
2586 2391 2767 2475 plena
2813 2391 2975 2458 inte-

491 2513 723 2579 graque
765 2491 1056 2561 libertate
1103 2494 1222 2559 frui
1265 2514 1373 2561 nec
1418 2494 1657 2561 alienae
1699 2494 2099 2562 dominationi
2134 2494 2390 2572 subiici;
2432 2495 2699 2580 Nosque,
2747 2495 2812 2561 in
2860 2496 2979 2561 hac

491 2598 625 2682 ipsa
671 2598 961 2664 libertate
1007 2598 1391 2677 vindicanda,
1434 2619 1553 2667 non
1595 2600 1916 2685 religionis
1963 2600 2140 2666 modo
2186 2600 2578 2666 sanctissima
2612 2601 2774 2665 tueri
2821 2600 2979 2678 iura,

492 2721 702 2767 verum
773 2703 964 2767 etiam
1034 2704 1341 2769 communi
1419 2706 1781 2789 populorum
1855 2706 2011 2772 bono
2079 2723 2153 2770 ac
2221 2704 2543 2771 securitati
2617 2705 2976 2789 prospicere.

491 2805 742 2871 Scilicet
789 2810 1004 2890 pietas
1057 2809 1146 2873 ad
1204 2809 1416 2874 omnia
1476 2809 1658 2875 utilis
1716 2816 1808 2876 est
1827 2810 1912 2894 ¹):
1982 2828 2175 2893 eaque
2235 2808 2528 2874 incolumi
2590 2828 2663 2876 ac
2709 2810 2977 2894 vigente,

487 2912 719 2978 sedebit
757 2930 969 2994 reapse
1003 2913 1283 2996 populus
1324 2913 1393 2980 in
1426 2915 1832 2997 plenitudine
1866 2918 2053 2997 pacis
2071 2914 2144 2998 ⁸).

703 3015 883 3093 Deus,
917 3019 1027 3098 qui
1058 3017 1233 3083 dives
1263 3023 1349 3083 est
1381 3019 1451 3083 in
1481 3018 2014 3104 misericor-dim),
2053 3019 2210 3082 hanc
2244 3018 2653 3082 humanarum
2686 3017 2971 3101 gentium

492 3119 553 3182 in
603 3119 849 3184 Christo
895 3120 1032 3185 Iesu
1081 3120 1591 3186 instaurationem
1641 3122 1943 3205 benignus
1990 3122 2279 3207 festinet3
2341 3142 2469 3189 non
2513 3122 2677 3186 enim
2718 3122 2983 3188 volentis

490 3242 640 3307 opus
683 3245 878 3306 neque
915 3226 1244 3308 curre-ntis,
1289 3226 1400 3291 sed
1430 3228 1789 3293 miserentis
1817 3233 1907 3294 est
1933 3227 2060 3293 Dei
2077 3228 2151 3309 ⁵).
2227 3226 2357 3292 Nos
2392 3244 2555 3305 vero,
2584 3225 2984 3291 venerabiles

497 3327 761 3405 Fratres,
807 3331 882 3394 in
920 3330 1155 3413 spiritu
1193 3329 1576 3396 humilitatis
1592 3334 1664 3412 ⁶),
1731 3331 2095 3415 quotidiana
2139 3333 2204 3397 et
2248 3330 2509 3396 instanti
2566 3348 2746 3413 prece
2790 3329 2853 3394 id
2902 3332 2982 3394 ab

493 3432 578 3497 Eo
623 3432 1063 3498 contendamus
1108 3434 1184 3498 ob
1229 3434 1367 3499 Iesu
1405 3434 1639 3500 Christi
1688 3436 1929 3503 merita.
2026 3436 2286 3501 Utamur
2334 3437 2649 3518 praeterea
2690 3453 2983 3516 praesen-

489 3537 732 3602 tissima
784 3537 1080 3621 Deiparae
1120 3539 1588 3622 impetratione:
1636 3539 1737 3605 cui
1781 3540 2199 3606 conciliandae
2246 3540 2460 3618 Nobis,
2526 3539 2821 3623 quoniam
2867 3539 2984 3605 has

492 3641 736 3706 litteras
780 3641 878 3705 die
923 3642 1056 3726 ipsa
1095 3642 1333 3720 damus,
1383 3662 1537 3727 quae
1578 3644 1897 3711 recolendo
1937 3644 2190 3710 Mariali
2220 3645 2481 3710 Rosario
2511 3646 2608 3709 est
2652 3643 2982 3721 instituta3

488 3745 786 3829 quidquid
839 3747 1128 3812 Decessor
1156 3747 1383 3812 Noster
1429 3748 1503 3812 de
1540 3749 1777 3814 octobri
1823 3768 2030 3815 mense
2076 3748 2323 3833 Virgini
2370 3749 2677 3833 augustae
2720 3747 2985 3814 dicando

490 3850 700 3928 edixit,
761 3849 1008 3933 publica
1071 3870 1175 3934 per
1238 3851 1470 3935 templa
1528 3852 1734 3918 omnia
1781 3853 2048 3919 eiusdem
2098 3852 2336 3918 Rosarii
2402 3851 2784 3930 recitatione,
2852 3851 2983 3918 Nos

489 3955 723 4038 pariter
767 3954 1064 4019 edicimus
1122 3959 1185 4020 et
1230 3956 1701 4034 confirmamus;
1764 3963 2080 4024 monentes
2137 3957 2391 4040 insuper
2438 3957 2508 4021 ut
2554 3956 2983 4040 deprecatores

487 4059 675 4125 etiam
726 4058 1139 4126 adhibeantur
1172 4060 1558 4127 castissimus
1584 4062 1694 4127 Dei
1724 4061 1950 4127 Matris
1975 4062 2245 4146 Sponsus
2286 4060 2631 4127 catholicae
2662 4060 2981 4128 Ecclesiae

487 4166 784 4247 patronus
830 4165 1150 4249 sanctique
1202 4166 1421 4232 Petrus
1469 4170 1532 4231 et
1580 4167 1812 4232 Paulus
1854 4167 2267 4251 apostolorum
2316 4165 2639 4249 principes.

696 4269 866 4351 Quae
909 4271 1118 4334 omnia
1161 4271 1230 4335 nt
1275 4271 1391 4335 rite
1432 4271 1719 4338 eveniant
1764 4274 1828 4336 et
1873 4274 2098 4338 cuncta
2144 4271 2314 4337 vobis
2361 4289 2469 4354 pro
2514 4269 2815 4336 desiderio
2852 4269 2979 4337 for·

487 4376 804 4451 tunentur,
851 4373 1200 4438 divinarum
1249 4374 1593 4455 gratiarum
1640 4375 1917 4441 subsidia
1963 4376 2271 4441 uberrime
2316 4393 2654 4441 exoramus.
2725 4374 2979 4441 Testem

488 4496 628 4541 vero
675 4477 1074 4542 suavissimae
1134 4479 1439 4558 caritatis,
1508 4497 1630 4562 qua
1694 4498 1799 4546 vos
1862 4483 1926 4545 et
1989 4480 2304 4545 universos
2366 4478 2599 4556 fideles,
2660 4498 2815 4562 quos
2864 4479 2980 4546 Dei

493 4703 518 4755 ι
700 4641 750 4707 1)
790 4640 942 4694 Rom.
981 4641 1135 4703 xm,
1176 4642 1225 4696 1.
1262 4670 1327 4679 —
1364 4642 1419 4709 2)
1458 4642 1483 4695 1
1527 4641 1664 4697 Tim.
1702 4644 1794 4706 IV,
1831 4645 1881 4700 8.
1919 4673 1985 4684 —
2020 4645 2075 4712 3)
2106 4645 2177 4700 Is.
2205 4641 2437 4706 XXXII,
2467 4643 2549 4697 18.
2588 4670 2652 4682 —
2688 4642 2746 4710 4)
2783 4641 2981 4711 ephes.

523 4705 567 4767 1,
600 4707 650 4759 4.
688 4736 754 4746 —
791 4710 848 4772 5)
887 4710 1039 4764 Rom.
1073 4710 1174 4775 IX,
1220 4711 1301 4765 16.
1338 4740 1405 4749 -
1442 4713 1497 4778 6)
1541 4711 1676 4767 Dan.
1716 4714 1817 4779 111,
1859 4715 1944 4770 39.
