3303 5013
1161 298 1296 352 und
1329 297 1890 367 Entschetdunyen.
2643 279 2770 345 489

281 468 483 549 (unde
540 468 654 534 sub
705 469 834 549 fine
889 467 1094 534 dictae
1149 471 1501 535 vacationis
1560 476 1764 551 potest
1827 475 2174 552 opportune
2239 490 2305 534 se
2359 470 2622 537 reddere
2682 471 2777 536 ad

277 573 609 638 servitiam
656 571 1012 654 Ecclesiae)
1066 593 1135 638 se
1192 574 1489 653 contulit,
1551 574 1758 656 ibique
1781 624 1796 651 ‚
1865 574 2337 656 superveniente
2377 575 2775 655 infirmitatis

279 675 628 757 corporalis
664 676 1106 759 impedimento
1151 679 1246 743 ita
1290 682 1640 745 continetur
1679 684 1749 742 ut
1785 677 1873 743 ad
1915 679 2229 743 civitatem
2264 677 2474 743 redire
2502 684 2561 743 et
2585 678 2771 743 choro

275 779 580 845 interesse
621 799 749 844 non
791 780 1050 846 valeat?
1114 786 1171 846 et
1236 789 1541 864 quatenns
1607 784 2021 865 affirmative,
2081 779 2468 847 SECUNDO
2526 804 2615 848 an
2660 782 2774 849 boc

276 881 480 948 locum
546 882 773 950 babeat
843 885 1129 966 quamvis
1192 887 1261 951 in
1337 885 1630 953 Ecclesia
1697 887 1903 972 viyeat
1959 889 2283 953 contraria
2347 887 2725 953 consuetudo
2738 886 2776 951 ,9

281 985 455 1051 Haec
498 985 563 1052 S.
614 988 806 1073 Cong.
855 988 1210 1071 respondit:
1270 991 1377 1056 Ad
1420 992 1711 1074 primum
1760 992 2008 1057 lucrari
2023 1015 2047 1069 ‚·
2106 991 2198 1056 ad
2246 991 2589 1057 secundum
2643 1011 2774 1056 non

276 1088 505 1155 habere
564 1090 766 1157 locum
823 1094 884 1157 si
943 1094 1315 1160 consuetudo
1374 1096 1459 1160 sit
1510 1094 1786 1178 leyitime
1832 1095 2259 1178 praescripta.
2344 1094 2577 1158 Tamen
2627 1093 2773 1159 huic

275 1194 704 1259 consuetudini
748 1196 1177 1279 obtemperare
1224 1216 1338 1262 non
1393 1198 1484 1262 fas
1531 1199 1714 1277 esset,
1764 1198 1815 1263 si
1863 1198 2192 1263 canonicus
2236 1197 2518 1263 infirmus
2551 1196 2774 1262 fructi-

276 1297 393 1361 bus
437 1298 819 1381 praebendae
873 1297 1186 1384 indigeret
1241 1301 1547 1367 universis
1593 1305 1667 1367 ut
1710 1320 1858 1367 suae
1897 1302 2245 1368 consuleret
2291 1302 2770 1379 conservationi;

277 1402 429 1465 tunc
489 1402 655 1468 enim
715 1402 992 1469 obstaret
1049 1406 1153 1471 ius
1196 1406 1529 1487 naturale,·
1589 1424 1724 1488 arg.
1771 1405 2151 1471 decisionum
2197 1406 2277 1472 H.
2317 1404 2378 1474 S.
2424 1404 2492 1471 C.
2537 1406 2601 1470 in
2647 1406 2768 1471 Al-

278 1506 653 1589 binqanensi
712 1507 978 1575 Par-och.
1047 1510 1101 1575 l.
1162 1508 1330 1592 Sept.
1395 1508 1558 1576 1663
1621 1511 1760 1595 (lib.
1807 1509 2058 1577 Decret.
2107 1513 2202 1576 25
2234 1531 2304 1591 p.
2354 1512 2518 1588 594,
2583 1512 2646 1575 et
2706 1510 2770 1575 in

277 1609 665 1676 Novariensi
705 1617 763 1677 et
808 1611 1212 1678 Cremonensi
1252 1612 1399 1696 (lib.
1446 1618 1491 1678 3
1534 1612 1780 1679 Decret.
1818 1633 1886 1693 p.
1934 1616 2020 1679 35
2064 1618 2124 1679 et
2164 1614 2303 1697 40).

484 1714 750 1778 Domum
819 1715 966 1798 quia
1029 1715 1362 1800 Episcopus
1429 1717 1493 1781 in
1565 1717 1696 1781 suis
1762 1716 1977 1782 dubiis
2038 1717 2411 1781 mentionem
2478 1716 2630 1782 facit
2693 1716 2770 1780 de

276 1820 496 1885 missis
555 1820 888 1899 fundatis,
954 1819 1130 1902 quasi
1202 1819 1279 1884 de
1347 1819 1603 1901 speciali
1668 1838 1850 1885 onere
1918 1819 2287 1899 Missarum,
2353 1839 2512 1903 quae
2577 1820 2771 1885 insint

279 1922 664 2005 praebendae
702 1923 1067 2001 canonicali,
1110 1926 1407 2007 praestat,
1450 1924 1673 1989 ultimo
1720 1924 1867 2002 loce,
1931 1924 2155 1989 referre
2195 1923 2353 1989 hanc
2399 1924 2770 1989 decisionem

278 2026 358 2091 H.
406 2025 470 2093 S.
517 2026 619 2104 O.;
678 2047 822 2092 nam
887 2029 965 2092 ad
1025 2027 1248 2093 dubia:
1311 2027 1579 2094 PRIMO
1638 2050 1728 2094 an
1787 2028 2153 2095 Sacerdotes
2210 2028 2471 2111 obliyati
2525 2030 2772 2094 ratione

276 2131 579 2212 beneficii,
626 2132 1035 2215 capellaniae,
1083 2132 1277 2217 leyati
1322 2138 1438 2198 aut
1475 2132 1787 2214 stipendii
1830 2132 2136 2198 celebrare
2179 2132 2453 2215 quotidie
2488 2132 2772 2198 Missam

272 2255 390 2314 per
431 2255 498 2302 se
539 2237 737 2317 ipsos,
788 2237 1040 2319 possint
1096 2237 1443 2319 aliquando
1497 2258 1540 2301 a
1599 2236 2009 2303 celebratione
2050 2256 2301 2314 vacare,
2364 2242 2422 2302 et
2463 2242 2771 2319 quatenus

275 2339 698 2420 affirmative3
743 2338 1135 2405 SECUNDO
1176 2341 1427 2424 quando
1451 2346 1509 2405 et
1538 2342 1775 2423 quoties
1804 2362 1849 2406 a
1888 2339 2061 2405 dicta
2098 2339 2514 2406 celebratione
2546 2359 2770 2406 vocare

263 2444 560 2527 poss-int,-
618 2443 704 2511 H.
753 2443 821 2510 S.
875 2444 943 2512 0.
992 2443 1132 2527 (die
1176 2450 1278 2512 18.
1324 2444 1494 2527 Sept.
1537 2444 1747 2528 1682)
1792 2443 1906 2510 boc
1954 2444 2300 2527 rescripsit:
2363 2445 2476 2512 Ad
2523 2446 2658 2511 1:¹⁶¹
2705 2448 2769 2511 et

274 2551 416 2613 2:²¹³
459 2550 861 2631 affirmative,
909 2556 1311 2616 concurrente
1354 2550 1577 2632 aliqua
1620 2548 1995 2615 rationabili
2031 2568 2246 2615 causa.

483 2652 688 2734 Quare
734 2654 854 2718 etc.

485 2755 622 2819 Emi
683 2756 897 2820 Patres
947 2754 1424 2838 rescripserunt:
1499 2754 1817 2821 Canonico
1881 2752 2068 2822 Gosse
2127 2775 2454 2823 ascensum
2518 2757 2733 2823 deberi
2744 2783 2766 2838 ,-

272 2859 484 2942 quoad
525 2860 850 2924 servitium
895 2858 1142 2924 chorale
1182 2863 1511 2925 serventur
1561 2857 2045 2925 Constitutiones
2090 2858 2511 2941 capitulares.

715 3156 776 3223 3.
845 3156 1059 3224 Form
1100 3155 1228 3224 der
1270 3155 1681 3224 Kautlouen
1724 3156 1841 3223 bei
1886 3155 2305 3223 mschehen.

487 3294 853 3362 Beatissimo
905 3296 1090 3360 Pater
1136 3345 1150 3361 .
1198 3345 1212 3360 .
1262 3345 1276 3360 .
1326 3344 1343 3361 .
1394 3294 1801 3361 Cautionibus
1862 3294 1938 3359 ab
1996 3294 2272 3359 Ecclesia
2317 3293 2636 3377 requisitis
2681 3292 2759 3358 de
2875 3315 2880 3319 ·

274 3399 730 3464 conditionibus
775 3398 1106 3483 implendis
1147 3399 1224 3465 ad
1273 3399 1437 3464 bunc
1478 3417 1674 3482 usqne
1722 3399 1886 3464 diem
1928 3397 2178 3481 scriptis
2218 3398 2612 3464 satisfactum
2647 3399 2763 3463 est.

275 3504 573 3569 Attamen
617 3522 847 3589 magna
901 3504 1100 3568 oritur
1147 3503 1485 3569 difficultas
1547 3522 1654 3585 pro
1710 3502 2060 3568 obtinendis
2124 3502 2290 3568 bisce
2348 3501 2759 3578 cautionibus,

274 3607 518 3690 quando
584 3607 807 3673 mulier
878 3607 1186 3673 catholica
1260 3607 1722 3673 matrimonium
1796 3607 1954 3672 inire
2027 3606 2295 3671 intendit
2360 3625 2500 3671 cum
2565 3605 2766 3670 milite

276 3711 618 3778 acatholico
663 3711 726 3777 in
772 3712 972 3797 gradu
1017 3712 1242 3778 saltem
1286 3711 1551 3795 quodam
1601 3711 1835 3795 majore
1883 3711 2243 3776 constituto.
2310 3710 2499 3795 Viget
2545 3729 2763 3792 nempe

273 3817 335 3882 in
398 3816 478 3882 N.
535 3816 888 3901 regionibus
944 3816 1257 3882 decretum
1319 3815 1561 3900 regium
1624 3816 1737 3880 sub
1799 3815 2092 3899 gravibus
2152 3815 2359 3898 poenis
2414 3813 2764 3897 prohibens,

272 3921 600 4005 quominus
659 3922 894 3987 milites
955 3922 1115 3986 ullas
1175 3920 1492 3986 cautiones
1554 3923 1868 4003 praestent
1928 3938 2034 4003 per
2099 3919 2345 3985 litteras
2407 3918 2762 3998 reversales‚

271 4026 402 4091 sive
461 4043 568 4109 per
613 4025 1069 4108 juramentum,
1130 4024 1262 4091 sive
1315 4044 1421 4108 per
1466 4023 1812 4108 simplicem
1857 4023 2343 4107 promissionem.
2433 4022 2638 4105 Quare
2684 4022 2763 4088 ad

270 4128 457 4212 pedes
501 4128 867 4194 Sanctitatis
904 4128 1164 4195 Vestrae
1197 4128 1571 4212 provolutus,
1619 4126 1987 4194 ordinarius
2033 4128 2111 4194 N.
2161 4127 2581 4207 directionem,
2629 4145 2764 4194 cer-

273 4238 404 4298 tam
452 4232 621 4297 bisce
667 4233 729 4297 in
776 4233 958 4297 rebus
1004 4233 1371 4315 expostulat,
1419 4234 1483 4298 et
1527 4231 1778 4315 quidem
1825 4231 2104 4316 quaerit:

491 4339 542 4404 l.
628 4338 722 4401 An
770 4336 849 4402 ab
892 4335 1333 4419 impedimento
1380 4335 1606 4402 mixtae
1667 4335 1985 4423 religionis
2043 4336 2385 4421 dispensari
2430 4334 2662 4420 possit,
2709 4333 2763 4398 si

268 4460 413 4526 pars
478 4439 829 4506 acatholica
892 4441 1338 4524 (quaecumque
1383 4441 1506 4524 est)
1573 4440 1893 4506 cautiones
1959 4440 2287 4523 requisitas
2344 4458 2451 4522 per
2517 4437 2763 4503 litteras

268 4543 632 4625 reversales‚
681 4544 809 4608 sive
856 4562 961 4626 per
1000 4544 1460 4628 juramentum,
1513 4544 1641 4609 sive
1690 4564 1796 4627 per
1842 4545 2306 4627 promissionem
2354 4541 2576 4607 saltem
2619 4560 2755 4606 om—

273 4649 520 4716 nimode
568 4648 857 4715 recuset?
