3303 5013
536 284 664 350 268
1386 296 1732 360 kin-emicho
1777 301 2178 361 Aktcmtacke

535 476 711 543 iuxta
754 476 972 544 taliter
1012 480 1267 562 agentes
1312 496 1537 560 poenas
1580 477 1773 543 luent.
1864 476 1983 542 Sed
2047 477 2194 560 quid
2254 477 2452 561 quoad
2517 477 2655 542 illos
2707 477 3044 560 parocboS,

535 582 643 666 qui
702 581 1029 666 quotannis
1090 584 1238 661 300,
1303 584 1448 661 400,
1496 582 1625 648 500
1672 585 1737 648 et
1784 582 1959 665 plura
1999 601 2176 647 sacra
2220 581 2477 648 fundata
2525 582 2865 666 persolvere
2914 582 3038 646 de-

534 686 731 752 bent?
805 686 964 768 Quid
1009 686 1208 770 quoad
1254 686 1413 764 illos,
1460 686 1566 771 qui
1610 688 1710 752 tot
1754 686 2185 770 spiritualibus
2235 687 2706 752 necessitatibus
2749 686 3040 751 vivorum

533 810 780 857 suorum
828 790 1340 875 parochianorum
1388 810 1741 857 succurrere
1783 790 2030 870 debent,
2079 793 2149 856 ut
2181 791 2332 875 ipsis
2365 810 2473 875 pro
2502 790 2785 858 omnibus
2817 790 3044 856 missis

534 894 810 961 fundatis
871 895 1292 978 persolvendis
1353 895 1485 961 dies
1544 915 1660 962 non
1727 897 2105 980 suppetant?
2195 895 2276 960 Et
2320 895 2500 962 credo
2543 894 2803 981 supponi
2847 914 3043 979 posse

534 999 693 1064 hanc
746 1019 878 1064 esse
941 1002 1211 1065 mentem
1274 998 1335 1066 S.
1386 1000 1930 1082 congregatiouiS,
1997 1002 2066 1064 ut
2127 999 2430 1084 parochus
2493 999 2691 1083 primo
2737 1000 2869 1065 loco
2914 1019 3035 1066 ne-

533 1103 933 1170 cessitatibus
976 1103 1404 1188 spiritualibus
1444 1105 1718 1169 vivorum
1781 1104 2292 1189 parochianorum
2358 1104 2717 1188 provideat,
2776 1105 2847 1170 ut
2890 1104 3040 1172 scil.

535 1207 731 1291 primo
775 1207 909 1274 loco
950 1209 1266 1275 manualia
1313 1208 1622 1293 persolvat
1670 1229 1778 1293 pro
1824 1209 2348 1293 praegnantibus,
2406 1227 2515 1292 pro
2563 1209 2869 1294 aegrotis,
2918 1228 3041 1293 pro

535 1312 957 1390 moribundis,
1016 1332 1124 1396 pro
1186 1317 1458 1380 recenter
1506 1314 1768 1379 mortuis
1812 1317 1929 1378 etc.
1979 1316 2044 1378 et
2089 1313 2227 1379 dein
2281 1313 2500 1378 missas
2543 1313 2853 1379 fundatas.
2951 1315 3041 1380 Et

535 1416 586 1482 si
635 1417 784 1495 boc,
832 1417 1092 1484 debetne
1135 1418 1436 1502 parochus
1482 1437 1551 1483 eo
1597 1417 1760 1502 quod
1812 1417 2094 1484 caritatis
2143 1419 2203 1482 ni
2244 1418 2448 1483 dicam
2497 1417 2774 1483 iustitiae
2820 1417 3040 1483 officia

532 1541 683 1606 erga
712 1522 884 1588 vivos
918 1522 1316 1606 parochianos
1360 1522 1729 1598 satisfaciat,
1777 1522 2218 1589 detrimentum
2268 1522 2496 1599 subire,
2538 1522 2686 1606 quia
2734 1542 2849 1588 non
2888 1525 3037 1605 pot-

532 1628 628 1692 est
671 1625 856 1691 simul
902 1626 1122 1691 missas
1185 1627 1476 1694 fundatas
1537 1628 1914 1711 persolvere,
1981 1631 2044 1694 et
2112 1624 2511 1692 nihilominus
2573 1627 2879 1711 portiones
2928 1646 3032 1692 ec-

533 1731 759 1797 clesiae
801 1730 1102 1797 ministris
1144 1733 1559 1816 competentes
1604 1731 1757 1816 ipsis
1803 1752 1873 1798 ex
1920 1732 2180 1816 propriis
2226 1751 2618 1816 compensare
2664 1730 2894 1796 debet?

749 1836 846 1902 »4.
888 1835 1162 1901 Tandem
1207 1856 1281 1902 ne
1343 1836 1498 1903 illud
1564 1838 1899 1921 praeterire
1962 1837 2171 1902 videar
2241 1856 2393 1917 ¹,non
2441 1855 2618 1920 posse
2664 1835 2908 1901 detrahi
2956 1855 3036 1901 ex

535 1939 839 2006 reditibus
884 1939 1314 2006 fundationum
1360 1941 1737 2026 stipendium
1785 1961 1891 2024 pro
1935 1960 2112 2025 opere
2144 1941 2303 2025 quod
2345 1940 2597 2006 minime
2629 1941 3021 2024 praestatur-‘¹

537 2081 615 2093 -—
666 2043 957 2122 ecclesia,
1020 2063 1129 2110 seu
1193 2044 1427 2111 fabrica
1487 2046 1782 2111 ecclesiae
1836 2045 2000 2110 idem
2046 2046 2292 2111 omnino
2340 2046 2619 2129 praestat
2663 2045 2792 2111 sive
2839 2044 3037 2112 missa

534 2146 795 2213 fundata
841 2148 1225 2232 persolvatur
1271 2149 1399 2214 sive
1445 2150 1791 2226 manualis,
1839 2150 1974 2215 scil.
2023 2151 2303 2233 praestat
2343 2153 2739 2233 paramenta,
2793 2149 3033 2224 vinum,

538 2252 839 2330 hostiam,
902 2253 1196 2318 candelas
1251 2254 1497 2337 aliaque
1558 2253 1635 2319 ad
1701 2253 1948 2319 missam
2007 2254 2380 2329 necessaria,
2455 2252 2774 2338 organista
2819 2253 3033 2337 pulsat

535 2376 874 2441 organum,
924 2357 1052 2423 sive
1099 2359 1287 2423 missa
1333 2357 1595 2423 fundata
1639 2359 2045 2442 persolvatur,
2092 2359 2219 2422 sive
2263 2358 2602 2436 manualis;
2662 2358 2811 2424 item
2858 2358 3031 2423 aedi-

535 2465 681 2528 tuus
737 2462 928 2529 vestit
972 2464 1307 2547 parocbum
1359 2466 1422 2529 et
1467 2465 1646 2548 parat
1704 2464 2083 2543 necessaria,
2147 2463 2321 2547 pueri
2379 2463 2722 2531 inserviunt
2782 2462 3029 2544 missae,

535 2567 662 2633 sive
710 2566 969 2633 fundata
1017 2566 1399 2651 persolvatur
1438 2568 1568 2633 sive
1632 2567 1966 2645 manualis,
2035 2568 2259 2652 quippe
2319 2567 2424 2652 qui
2488 2567 2764 2652 quotidie
2825 2567 3029 2634 officio

535 2692 647 2737 suo
691 2676 981 2739 consueto
1028 2672 1204 2758 fungi
1247 2675 1597 2739 teneantur.
1672 2672 1836 2738 Hinc
1877 2673 2068 2756 patet,
2116 2671 2387 2738 fructum
2437 2672 2867 2738 fundationum
2905 2694 3024 2739 non

540 2778 737 2843 solum
789 2779 1108 2862 tamquam
1155 2777 1711 2844 remunerationem
1758 2777 1996 2843 servitii
2036 2777 2096 2842 in
2131 2776 2404 2843 fundatis
2438 2776 2641 2843 missis
2680 2777 3031 2860 exhibendi,

533 2883 639 2948 sed
686 2883 873 2948 etiam
920 2884 1240 2968 tamquam
1288 2882 1780 2949 meliorationem
1829 2882 2042 2947 salarii
2105 2882 2314 2947 deberi
2375 2882 2730 2959 aestimari,
2794 2883 2858 2948 et
2922 2884 3022 2948 in-

534 3006 716 3070 super
778 3006 881 3071 per
949 2988 1482 3053 transmissionem
1558 2989 1882 3052 missarum
1949 2986 2347 3052 fundatarum
2414 3006 2605 3071 neque
2670 2987 2808 3052 tolli
2872 3006 3026 3072 opus

535 3111 729 3176 neque
774 3090 1039 3175 imponi,
1091 3092 1143 3157 si
1185 3092 1450 3176 excipias
1496 3091 1693 3157 solum
1743 3092 2078 3176 parocbum
2126 3091 2564 3159 celebrantem.
2659 3093 2744 3157 At
2788 3092 2839 3156 si
2891 3093 3025 3173 boc,

533 3194 937 3279 suscipientes
982 3194 1425 3273 fundationem,
1473 3197 1526 3259 si
1565 3215 1806 3279 semper
1835 3196 2101 3280 excipias
2133 3196 2464 3280 parochum
2497 3217 2605 3263 seu
2641 3197 3022 3264 sacerdotem

537 3300 1003 3384 persolventem,
1055 3300 1271 3365 carent
1317 3299 1505 3365 titulo
1550 3319 1671 3384 quo
1723 3300 2068 3365 mercedem
2117 3301 2434 3384 recipiant,
2481 3303 2544 3367 et
2592 3321 2708 3366 non
2752 3302 2869 3380 est,
2917 3322 3026 3368 cur

536 3402 1064 3485 transmittentes,
1118 3404 1169 3469 si
1219 3404 1445 3470 iterum
1491 3404 1759 3488 excipias
1806 3405 2173 3488 parochum,
2226 3405 2330 3490 qui
2380 3406 2632 3471 missam
2682 3406 3022 3490 persolvere

536 3509 738 3589 debet,
787 3507 1091 3575 fructibus
1136 3508 1255 3575 sibi
1299 3509 1794 3593 competentibus
1826 3510 2218 3578 frustrentur.

749 3613 956 3680 »Haec
1016 3614 1242 3680 iterum
1299 3614 1565 3680 examini
1624 3614 1685 3682 S.
1750 3614 2261 3700 Congregationis
2326 3615 2583 3682 Concilii
2644 3615 3019 3682 subiicienda

535 3719 678 3785 duxi
719 3719 784 3785 et
830 3719 993 3784 omni
1041 3740 1163 3805 qua
1204 3738 1316 3804 par
1358 3721 1456 3785 est
1499 3719 1842 3785 reverentia
1880 3722 1939 3785 et
1975 3719 2264 3803 obsequio
2298 3719 2522 3785 iterum
2558 3724 2765 3804 petere
2803 3720 3011 3786 audeo:

749 3825 845 3890 »l.
889 3824 1229 3909 gratiosam
1272 3824 1777 3891 condonationem
1823 3844 1930 3908 pro
1973 3824 2328 3908 praeterito,
2370 3825 2676 3908 quatenus
2708 3825 3016 3909 hucusque

536 3928 765 4012 absque
811 3928 1052 3995 indulto
1097 3927 1156 3995 S.
1206 3929 1382 3996 Sedis
1428 3929 1611 3995 aliter
1658 3929 1964 4013 gesserint
2010 3928 2293 4012 parocbi;

751 4034 846 4098 »2.
896 4034 971 4099 ut
1014 4053 1121 4117 pro
1168 4034 1376 4100 futuro
1420 4033 1675 4118 parochi
1722 4033 2039 4117 impediti,
2096 4033 2422 4117 quominus
2463 4033 2684 4098 missas
2731 4034 3019 4099 fundatas

535 4141 665 4203 tam
714 4137 1006 4222 legendas
1065 4158 1249 4223 quam
1314 4139 1655 4205 cantandas
1718 4158 1824 4222 per
1885 4137 2116 4222 seipsos
2179 4138 2564 4221 persolvant,
2627 4138 2825 4204 solum
2887 4158 3021 4204 eam

536 4241 875 4326 portionem
930 4242 1286 4308 reddituum
1348 4243 1424 4309 ad
1488 4242 1736 4309 Curiam
1796 4242 2213 4326 Episcopalem
2261 4242 2689 4307 transmittere
2736 4243 3045 4328 debeant-,A

533 4367 689 4434 quae
744 4347 897 4430 ipsis
956 4353 1252 4432 tanquam
1318 4348 1709 4414 fundationes
1767 4347 2263 4432 persolventibus
2324 4347 2655 4432 competit;
2716 4347 3022 4431 portiones

535 4473 676 4520 vero
728 4452 861 4517 tam
901 4451 1177 4518 ecclesiis
1236 4472 1424 4536 quam
1478 4452 1841 4537 organistis,
1911 4452 2211 4533 aedituis,
2282 4453 2424 4518 aliis
2493 4453 2764 4537 personis
2819 4451 3024 4536 aliquo

534 4557 712 4622 modo
773 4556 1273 4640 cooperantibus,
1346 4556 1835 4642 pauperibusque
1900 4558 2253 4643 assignatas
2311 4577 2420 4642 pro
2484 4556 2703 4622 iisdem
2761 4555 3020 4622 retinere

544 4662 843 4746 possint«.
