3303 5013
1266 305 1400 358 und
1431 303 1992 374 Entscheidunyen.
2737 285 2864 351 ‘715

599 474 837 556 Quibus
883 475 1166 540 omnibus
1213 496 1283 541 ex
1331 480 1589 560 utraque
1633 478 1809 560 parte
1852 478 2083 558 relatis,
2129 476 2506 561 propositum
2553 476 2673 543 fuit
2716 497 2861 545 eno-

385 578 654 644 dandum
700 598 960 663 sequens

1462 684 1796 751 DUBIUM

589 807 700 871 An
760 812 816 871 et
875 804 1174 889 quomodo
1219 806 1529 873 decretum
1581 806 1817 874 Curiae
1860 807 2320 876 Sanminiaten.
2381 810 2486 875 die
2537 812 2641 875 15.
2686 810 2866 875 Maii

385 915 558 976 1902
600 911 686 976 sit
729 912 1223 993 confirmandum
1266 910 1363 976 vel
1408 914 1867 994 infirmandum
1911 914 1981 980 in
2024 916 2229 980 casu?

593 1015 777 1079 Porro
855 1015 989 1079 Emi
1069 1015 1312 1094 Patres,
1400 1034 1464 1079 re
1549 1020 1786 1082 mature
1857 1036 2155 1101 perpensa
2241 1017 2689 1101 responderunt
2769 1017 2865 1082 die

380 1121 483 1182 24.
534 1118 769 1201 Aprilis
821 1118 1018 1183 1903:
1073 1117 1401 1187 Decretum
1444 1141 1571 1186 non
1614 1122 1933 1188 sustineri.

380 1396 448 1462 6.
513 1396 644 1462 Die
700 1394 1119 1463 BenedIctio
1182 1397 1550 1467 domorum
1610 1399 1690 1465 in
1749 1396 2061 1466 Sabbato
2119 1399 2370 1511 sanfto
2431 1397 2624 1465 kann
2683 1398 2863 1466 auch

638 1501 1021 1569 innerhalb
1067 1501 1195 1570 der
1238 1502 1668 1572 Osteroktav
1713 1520 2255 1586 vorgenommen
2298 1502 2601 1571 werden.

586 1637 683 1703 Ab
732 1638 1022 1705 hodierno
1070 1641 1344 1707 Parocbo
1405 1641 1524 1707 loci
1571 1641 1674 1721 Ν..
1738 1640 2080 1707 dioeceseos
2125 1641 2225 1719 N..
2298 1660 2489 1723 nuper
2542 1639 2865 1724 sequentia

381 1741 696 1825 postulata
742 1744 887 1808 huic
932 1743 994 1812 S.
1043 1745 1522 1830 congregationi
1570 1745 1855 1810 subiecta
1894 1745 2058 1822 sunt,
2108 1763 2356 1829 nempe:

586 1848 654 1911 1⁰
725 1847 823 1912 An
867 1848 942 1914 ob
992 1849 1405 1915 extensionem
1467 1849 1780 1933 paroeciae
1824 1848 2168 1915 benedictio
2212 1830 2558 1914 domorum‘
2593 1849 2660 1913 in
2704 1846 2860 1917 Sab-

377 1949 521 2015 bato
568 1950 791 2017 Sancto
836 1950 969 2017 fieri
1016 1953 1224 2018 valeat
1270 1953 1435 2019 boris
1481 1952 1847 2036 vespertinis
1892 1953 2104 2018 Feriae
2139 1950 2224 2017 VI
2269 1952 2333 2016 in
2378 1954 2765 2018 Parasceve?

586 2056 656 2119 20
726 2056 808 2121 Es
875 2060 1216 2140 quaetenus
1279 2058 1601 2142 negative,
1675 2077 1754 2122 an
1827 2058 1887 2122 in
1951 2075 2096 2122 casu
2172 2056 2434 2123 obtineri
2504 2056 2699 2141 possit
2763 2056 2858 2122 in·

376 2157 672 2225 dultnmi’

582 2264 655 2326 30
729 2266 825 2328 An
871 2265 1216 2331 benedictio
1279 2266 1597 2333 domorum
1641 2267 1704 2329 in
1752 2263 2022 2332 Sabbato
2068 2263 2293 2332 Sancto
2352 2264 2438 2330 sit
2493 2264 2569 2330 de
2622 2261 2860 2330 iuribus

376 2367 824 2450 parochialibus
840 2372 872 2434 Ρ

579 2471 766 2540 Sacra
812 2475 1074 2542 Rituum
1109 2475 1542 2561 congregatio,
1593 2477 1669 2541 ad
1718 2476 2079 2544 relationem
2126 2475 2456 2560 subscripti
2504 2473 2854 2554 secretarii,

374 2577 584 2643 audito
629 2579 820 2644 etiam
867 2582 1006 2646 voto
1041 2579 1501 2646 commissionis
1532 2581 1911 2665 Liturgicae‚
1960 2580 2448 2663 respondendum
2494 2578 2765 2644 censuit:

580 2683 881 2768 Neyative
924 2684 999 2748 ad
1033 2683 1064 2749 I
1104 2688 1169 2749 et
1214 2683 1289 2748 ad
1323 2685 1383 2748 Π
1429 2685 1603 2749 iuxta
1638 2685 1968 2751 Decretum
2002 2684 2171 2749 3645
2207 2683 2556 2763 ,Isdamoe
2595 2682 2697 2750 20.
2723 2683 2854 2749 No-

375 2786 640 2852 vembris
700 2787 890 2868 1885,
949 2788 1025 2853 ad
1071 2789 1170 2865 11;
1232 2788 1295 2853 et
1358 2790 1418 2853 in
1466 2806 1612 2852 casu
1672 2788 2016 2854 benedictio
2073 2788 2392 2854 domorum
2449 2786 2677 2872 poterit
2723 2786 2853 2852 fieri

374 2891 635 2956 durante
682 2891 1069 2957 hebdomada
1112 2894 1366 2958 octavae
1413 2892 1757 2958 PascbatiS.

587 2996 681 3060 Ad
727 2996 844 3062 ΠΙ.
892 2997 1310 3079 Affirmative.

583 3101 787 3183 Atque
832 3100 923 3165 ita
968 3100 1302 3184 rescripsit,
1350 3100 1449 3166 die
1500 3102 1557 3169 7.
1605 3100 1817 3166 Martii
1873 3100 2058 3166 1903.

580 3205 649 3270 L.
693 3206 736 3288 †
780 3204 841 3272 S.
1190 3205 1258 3274 S.
1302 3204 1487 3273 Gard.
1531 3205 1804 3284 ordeni,
1854 3204 2056 3271 Praes.

1137 3313 1176 3391 †
1223 3312 1311 3379 D.
1362 3312 1613 3393 Punici,
1665 3310 1951 3396 Arcbiep.
2001 3310 2348 3389 Laodicen„
2394 3308 2677 3375 Secsius.

375 3582 431 3652 7.
478 3580 869 3665 Zulassun'g
912 3602 995 3648 zu
1041 3582 1174 3650 den
1206 3582 1630 3651 folet-lichen
1674 3580 2037 3651 Geliibden
2075 3599 2206 3651 vor
2235 3581 2852 3666 zuriickgelegtem

1394 3687 1840 3756 Triennium.

576 3827 839 3893 Nomine
887 3826 1152 3910 plurium
1200 3826 1593 3910 Superiorum
1644 3826 2022 3909 regularium
2069 3825 2130 3892 S.
2179 3825 2656 3910 Congregationi
2719 3843 2851 3907 pro-

369 3931 615 4013 ponitur
659 3932 914 3997 dubium
947 3932 1110 3997 circa
1140 3930 1569 3997 admissionem
1608 3932 1687 3995 ad
1730 3942 1872 3996 vota
1902 3931 2244 4006 sollemnia,
2286 3931 2550 3996 triennio
2581 3928 2847 3994 nondum

370 4033 625 4116 expleto,
695 4036 847 4101 Cum
896 4037 971 4099 de
1010 4037 1147 4118 J'nre
1194 4021 1501 4100 communi
1542 4035 1818 4120 superior
1862 4038 2006 4100 ante
2055 4035 2490 4100 admissionem
2539 4032 2849 4098 candidati

372 4137 449 4202 ad
494 4139 636 4202 vota
681 4139 1008 4204 sollemnia
1051 4140 1291 4223 expleto
1337 4140 1600 4205 triennio
1663 4139 1885 4205 debeat
1943 4140 2258 4223 exquirere
2322 4140 2530 4205 votum
2575 4137 2849 4222 Capituli

370 4260 535 4305 mere
577 4242 1078 4323 consultativum‚
1140 4263 1526 4328 nequaquam
1581 4243 1917 4309 decisivum
1981 4243 2169 4328 (quod
2218 4243 2505 4327 Capitulo
2566 4242 2852 4308 convenit

366 4344 564 4410 solum
608 4346 811 4427 quoad
856 4349 1293 4415 admissionem
1349 4350 1425 4415 ad
1475 4353 1615 4415 vota
1662 4349 2014 4435 simplicia),
2076 4350 2396 4434 quaeritur
2450 4348 2614 4413 circa
2660 4347 2848 4413 trien-

367 4449 535 4515 nium
569 4451 839 4516 nondum
884 4453 1215 4536 expletum,
1259 4454 1366 4519 sed
1405 4454 1760 4538 Apostolica
1802 4454 2255 4537 dispensatione
2296 4451 2759 4519 abbreviatum:

575 4554 644 4617 1⁰
690 4554 911 4620 Utrum
959 4557 1036 4622 ob
1080 4556 1374 4639 temporis
1420 4557 1940 4623 abbreviationem
1990 4577 2093 4640 per
2125 4555 2648 4641 dispensationem
2682 4557 2844 4638 Apo·

363 4659 646 4726 stolicam
698 4664 902 4726 votum
951 4662 1363 4728 consultivum
1408 4661 1680 4746 Capituli
1727 4664 2176 4728 transmutetur
2221 4665 2282 4726 in
2332 4662 2717 4727 decisivum?
