3303 5013
527 279 652 343 712
1362 296 1711 351 Kirchliche
1751 295 2153 351 Aktenstsscke

525 471 872 537 sacerdotes
922 488 1136 552 nempe
1180 469 1332 533 Nuti
1381 471 1443 532 et
1493 468 1802 534 Paolicchi
1845 466 2045 551 quoad
2087 467 2568 534 sacramentales
2600 467 3022 536 confessiones

528 576 803 659 aliasque
872 573 1255 658 parochiales
1346 574 1688 638 functiones
1780 572 1992 637 diebus
2085 572 2443 655 praesertim
2520 573 3018 653 solemnioribus,

531 698 761 745 necnon
805 678 1004 762 quoad
1051 678 1433 743 infirmorum
1484 696 1692 742 curam
1740 676 1803 741 in
1852 677 2125 742 Ecclesia
2171 676 2471 760 crespino
2523 696 2765 761 semper
2811 679 3019 743 liben-

524 784 738 866 terque
801 801 1047 867 operam
1112 801 1286 847 suam
1334 785 1699 866 praestasse.
1796 781 1923 846 Imo
1985 780 2168 845 iidem
2232 781 2424 847 testes
2480 782 2790 858 subdunt,
2855 801 2922 847 se
2984 804 3021 847 a

528 888 857 953 maioribus
903 886 1209 970 accepisse
1268 887 1428 970 quod
1490 885 1858 968 capellanus
1918 885 1978 951 S.
2046 885 2290 950 Ranieri
2353 886 2429 950 ad
2493 886 2815 951 ecclesiam
2880 907 3020 951 ma-

527 995 740 1058 tricem
807 992 1024 1056 diebus
1087 991 1311 1056 saltem
1359 990 1830 1055 solemnioribus
1874 1008 1945 1053 ao
1991 989 2056 1054 in
2103 990 2394 1072 gravibus
2439 990 2750 1073 paroeciae
2801 1010 3018 1056 neces·

527 1097 821 1161 sitatibus
863 1095 1151 1161 accedere
1197 1097 1510 1162 teneatur.

753 1201 937 1267 Curia
1017 1199 1194 1263 addit
1280 1199 1707 1265 testimonium
1809 1196 2176 1264 Cancellarii
2269 1198 2627 1281 episcopalis
2715 1198 3019 1265 dioecesis

526 1304 966 1370 Sanminiaten.
1016 1305 1122 1387 qui
1162 1303 1383 1369 asserit
1424 1303 1584 1386 quod
1630 1322 1702 1367 ex
1744 1302 1981 1367 duobus
2015 1301 2397 1368 documentis
2430 1301 2591 1367 inter
2624 1302 3020 1369 beneficialia

526 1414 666 1474 acta
713 1430 767 1474 a.
820 1409 984 1474 1885
1031 1407 1469 1486 existentibus,
1534 1426 1793 1491 quorum
1853 1426 2038 1471 unum
2104 1406 2364 1472 Gustavi
2431 1406 2714 1490 Iacoponi
2783 1408 3017 1473 Prioris

529 1515 667 1597 pagi
719 1514 1002 1597 Tripalle
1048 1513 1169 1577 diei
1223 1512 1319 1579 16.
1361 1510 1524 1577 Iunii
1575 1512 1762 1590 1868,
1807 1512 2073 1576 alterum
2120 1530 2257 1576 vero
2303 1511 2609 1576 Francisci
2657 1510 2781 1577 Citi
2823 1512 3015 1579 Oeco-

525 1619 690 1684 nomi
738 1618 1089 1702 Spiritualis
1136 1617 1430 1681 ecclesiae
1480 1615 1783 1698 Crespino
1840 1616 1960 1680 diei
2014 1616 2090 1680 17
2139 1615 2413 1681 eiusdem
2460 1615 2690 1682 mensis
2736 1621 2799 1681 et
2846 1618 3017 1694 anni,

524 1724 797 1807 spectat,
868 1723 1113 1786 constat
1181 1721 1545 1804 capellanos
1610 1719 1717 1787 SS.
1769 1720 2051 1785 Nominis
2100 1720 2339 1785 Mariae
2399 1721 2475 1784 ab
2539 1719 2673 1802 ipsa
2728 1721 3014 1786 beneficii

529 1827 885 1891 fundatione
962 1844 1152 1910 usque
1228 1826 1289 1890 in
1365 1843 1649 1908 praesens
1727 1825 1788 1888 in
1874 1824 2313 1890 coadiuvandis
2383 1825 2665 1908 parochis
2738 1827 3010 1892 locorum

526 1931 830 2013 crespino
876 1934 937 1996 et
985 1930 1300 2013 Pripalle,
1372 1948 1600 1994 necnon
1666 1929 1729 1993 in
1797 1929 2170 1994 adsistendis
2230 1929 2492 1994 infirmis
2538 1948 2785 2013 operam
2834 1950 3012 1996 suam

525 2054 766 2117 semper
813 2037 1177 2117 praestasse.

732 2140 866 2203 Hoc
906 2126 1088 2204 idem'
1116 2139 1424 2203 testantur
1471 2138 1982 2221 septuagenarius
2028 2138 2400 2203 Laurentius
2452 2138 2656 2213 Ferri,
2708 2138 3014 2220 parochus

527 2242 640 2307 loci
687 2242 1000 2322 Tripalle,
1051 2260 1276 2307 necnon
1324 2242 1626 2323 parochus
1665 2242 1780 2307 loci
1830 2241 2172 2323 cremum
2238 2243 2341 2325 qui
2385 2242 2675 2319 ultimus,
2734 2242 2881 2307 dum
2932 2243 3008 2307 ad

527 2344 761 2410 coelum
809 2346 1050 2410 extollit
1094 2344 1246 2410 duos
1289 2345 1561 2411 hodierni
1604 2345 1919 2429 Capeliani
1967 2348 2415 2424 antecessoreS,
2469 2345 2622 2409 diris
2669 2346 2873 2412 verbis
2921 2347 3010 2411 la·

528 2450 920 2515 mentabatur
965 2449 1039 2515 de
1087 2449 1252 2515 mala
1300 2448 1573 2516 eiusdem
1621 2449 1843 2534 agendi
1893 2448 2150 2517 ratione.

739 2556 822 2620 Ex
868 2573 1020 2639 quo,
1082 2555 1391 2620 subsumit
1440 2552 1663 2633 Curia,
1725 2556 2011 2621 constans
2070 2554 2273 2637 praxis
2334 2573 2453 2619 non
2494 2555 2694 2619 solum
2745 2556 3008 2621 citatum

525 2661 641 2724 art.
686 2661 725 2724 9
772 2660 1180 2742 interpretata
1226 2661 1337 2739 est,
1385 2658 1492 2724 sed
1540 2657 1730 2724 etiam
1776 2658 2278 2724 consuetudinem
2322 2659 2445 2724 vim
2484 2658 2641 2744 logis
2676 2659 3008 2725 habentem

526 2763 788 2830 induxit.

733 2867 1059 2932 Praeterea
1098 2869 1309 2933 eadem
1361 2868 1552 2933 Curia
1598 2868 2198 2951 argumentationem
2260 2886 2433 2933 auam
2491 2867 2760 2934 desumit
2805 2888 2877 2933 ex
2918 2869 3010 2933 in·

526 2971 663 3036 dole
709 2972 1098 3055 Capellaniae
1148 2973 1841 3039 auratae-succursalis
1887 2972 1946 3036 in
1995 2972 2193 3055 legem
2244 2972 2507 3037 deducta
2553 2973 2771 3055 (etiam
2804 2992 3009 3038 eoram

526 3074 861 3155 Gubernio)
912 3094 947 3140 a
990 3075 1153 3141 facto
1199 3077 1508 3142 constanti
1559 3075 1886 3140 ministerii
1938 3074 2306 3156 parochialis
2354 3076 2656 3159 praestiti.
2744 3077 3007 3152 Etenim,

525 3197 714 3260 quum
761 3198 867 3261 per
913 3179 1357 3261 suppressionis
1402 3179 1604 3262 legem
1655 3198 1711 3246 a.
1766 3179 1927 3244 1867
1976 3178 2358 3244 Gubernium
2405 3180 2684 3246 italicum
2732 3181 3008 3246 revendi-

526 3283 783 3347 cationis
830 3284 1038 3347 taxam
1085 3284 1358 3366 exigeret
1404 3302 1440 3346 a
1486 3283 1761 3366 patronis
1804 3282 2214 3366 capellaniae,
2281 3284 2453 3365 quasi
2505 3286 2640 3367 ipsa
2688 3303 2805 3349 non
2848 3287 3010 3350 esset

525 3386 886 3452 beneficium
934 3388 1252 3465 curatum,
1318 3386 1503 3451 Curia
1556 3385 1616 3453 S.
1665 3387 1910 3451 Miniati
1957 3387 2317 3454 historicum
2365 3388 2623 3471 protulit
2668 3388 3002 3454 documen-

524 3493 694 3570 tum,
756 3490 1084 3557 ostendens
1145 3490 1327 3555 dictis
1390 3491 1740 3574 Capellanis
1800 3491 1926 3556 sive
1988 3511 2060 3555 ex
2119 3491 2442 3558 erectionis
2485 3492 2719 3558 tabulis
2764 3494 2895 3559 sive
2940 3514 3010 3559 ex

525 3594 968 3661 consuetudine
1016 3614 1133 3659 non
1182 3597 1546 3678 interrupta,
1598 3594 1896 3677 parochos
1942 3594 2235 3662 finitimos
2279 3596 2549 3663 locorum
2600 3596 2904 3679 Crespino
2948 3602 3011 3663 et

528 3701 814 3782 Tripalle
879 3698 1284 3765 coadiuvandi
1349 3718 1501 3764 onus
1566 3699 1934 3767 incumbere.
2025 3698 2224 3764 Immo
2284 3701 2429 3784 quia
2490 3700 2559 3765 R.
2623 3700 3005 3767 Gubernium

522 3805 868 3888 opponebat
916 3803 1344 3870 Coadiutoriae
1392 3804 1748 3869 exercitium
1798 3804 1982 3868 fuisse
2042 3804 2439 3869 arbitrarium
2502 3824 2610 3869 nec
2663 3805 2740 3869 ab
2796 3810 3005 3870 aucto-

526 3911 713 3974 ritate
775 3908 942 3973 civili
1004 3910 1067 3974 et
1127 3909 1545 3974 ecclesiastica
1591 3908 1934 3986 sancitum,
2000 3912 2309 3973 ostensum
2374 3908 2494 3974 fuit
2553 3910 2756 3993 quod,
2817 3930 3003 3994 quum

524 4013 881 4078 exercitium
947 4013 1059 4078 hoc
1120 4013 1181 4077 in
1245 4014 1395 4096 ipsis
1451 4012 1775 4078 erectionis
1833 4012 2065 4077 tabulis
2113 4014 2191 4078 ab
2238 4016 2500 4098 utraque
2546 4016 2855 4098 potestate
2901 4033 3007 4098 ap-

527 4117 800 4201 probatis
849 4117 1173 4194 fundetur,
1233 4117 1529 4200 implicite
1585 4117 1810 4182 saltem
1861 4117 2201 4182 necessaria
2245 4118 2483 4183 sanctio
2530 4118 2764 4183 aderat.
2857 4119 3005 4185 an-

524 4223 827 4306 teroquin,
876 4223 1079 4305 pergit
1126 4221 1328 4299 Curia,
1391 4221 1782 4287 auctoritatis
1815 4220 2269 4288 ecclesiasticae
2300 4221 2538 4288 sanctio
2584 4222 2821 4288 desumi
2871 4227 3007 4307 pot-

523 4330 650 4404 est,
712 4329 846 4391 tum
909 4345 979 4390 ex
1034 4344 1102 4391 eo
1162 4326 1321 4408 quod
1368 4327 1502 4409 ipsa
1549 4325 1886 4409 Capellano
1932 4325 1993 4393 S.
2043 4325 2288 4391 Ranieri
2351 4326 2562 4391 munia
2628 4328 3008 4410 parochialia

522 4430 837 4497 exercendi
887 4429 1202 4515 permissio
1271 4448 1386 4495 non
1434 4430 1721 4505 dedisset,
1772 4429 1888 4495 nisi
1936 4429 2049 4495 hoc
2110 4432 2451 4496 constasset
2504 4450 2574 4495 ex
2628 4429 3006 4498 fundationis

523 4537 666 4599 actu
715 4535 808 4599 vel
857 4555 926 4600 ex
974 4534 1165 4598 tacito
1214 4533 1525 4599 Ordinarii
1570 4552 1903 4611 consensu3
1966 4536 2096 4599 tum
2161 4554 2231 4600 ex
2286 4553 2355 4600 eo
2414 4534 2572 4618 quod
2640 4536 2806 4618 viget
2863 4555 3006 4602 con-

525 4638 785 4702 suetudo
833 4658 887 4705 a.
930 4639 1046 4714 84,
1112 4639 1246 4721 plus
1307 4657 1489 4723 quam
1548 4639 1861 4704 sufficiens
1903 4640 1981 4703 ad
2029 4640 2424 4706 tribuendum
2474 4639 2863 4706 Goadiutoris
2912 4640 3003 4705 ius
