3303 5013
479 292 610 360 716
1323 314 1673 369 Ktrehltche
1713 314 2116 370 Antenoreae

688 485 761 550 2⁰
821 484 1041 552 Utrum
1082 484 1371 570 Superior
1415 486 1636 550 debeat
1688 485 2003 569 exquirere
2049 488 2259 552 votum
2306 486 2579 571 Capituli
2624 487 2780 575 (sive
2824 507 2972 554 eon-

478 590 776 656 sultivnm
818 590 946 656 sivo
991 589 1358 675 decisivum)
1414 591 1747 673 antequam
1813 590 2198 674 supplicatur
2256 609 2365 674 pro
2424 590 2634 676 gratia
2687 591 2786 657 vel
2830 592 2973 677 ipsa

485 695 787 863 omenti&
826 799 1044 866 Utrum
1090 799 1380 865 standum
1425 798 1511 864 sit
1557 798 1730 881 praxi
1761 797 2187 877 communiori,
2234 797 2412 865 iuxta
2455 817 2643 885 quam
2685 801 2971 884 superior

479 905 623 969 ante
691 903 1237 987 expostulationem
1307 901 1785 986 dispensationis
1848 900 2117 986 exquirit
2186 904 2395 969 votum
2456 902 2735 987 Capituli
2799 923 2967 970 mere

481 1008 930 1088 consultivum,
995 1007 1345 1074 adnotando
1413 1009 1622 1073 tamen
1691 1007 1753 1072 in
1818 1006 1952 1089 ipsa
2017 1006 2465 1090 supplicatione
2527 1006 2711 1093 quale
2776 1007 2968 1073 inerit

482 1111 775 1178 iudicium
821 1111 1092 1197 Capituli
1138 1111 1304 1177 eirca
1350 1128 1670 1195 personam
1718 1109 2055 1185 candidati,
2119 1110 2268 1194 quin
2308 1114 2541 1195 postea,
2602 1110 2858 1178 obtenta
2900 1110 2965 1178 S.

478 1215 656 1282 Sedis
700 1216 1174 1301 dispensatione,
1221 1215 1488 1282 alterum
1536 1215 1751 1282 votum
1796 1215 2193 1299 expostulet?

682 1320 868 1388 Sacra
944 1320 1359 1406 congregatio
1422 1318 2063 1386 Eminentissimorum
2146 1320 2211 1384 et
2289 1317 2961 1385 Reverendissimorum

476 1422 539 1491 S.
586 1423 654 1490 R.
700 1424 771 1492 E.
839 1423 1260 1492 cardinalium
1328 1423 1594 1509 negotiis
1653 1424 1718 1489 et
1776 1422 2334 1490 consultationibus
2393 1422 2833 1507 Episcoporum
2898 1431 2965 1489 et

482 1528 880 1613 Regularium
950 1528 1330 1614 praeposita,
1411 1527 1696 1594 omnibus
1758 1529 2001 1593 mature
2079 1527 2424 1612 perpensis,
2501 1527 2579 1593 ad
2645 1528 2963 1612 proposita

477 1632 666 1699 dubia
709 1632 1053 1717 respondit:

687 1737 783 1802 Ad
833 1739 947 1802 1⁰¹³
987 1741 1052 1804 et
1095 1739 1233 1817 2³¹³,
1279 1736 1702 1822 providebitur
1736 1735 1801 1801 in
1847 1736 1940 1803 3⁰.
2068 1817 2073 1822 ‚

687 1841 781 1907 Ad
827 1842 964 1921 3⁸⁰¹,
1009 1843 1428 1927 Affirmative.

684 1944 915 2010 Datum
979 1946 1211 2012 Romae
1271 1965 1343 2012 ex
1401 1944 1742 2012 Secretaria
1812 1945 2090 2012 eiusdem
2158 1942 2219 2009 S.
2282 1944 2795 2030 Congrogationis
2858 1945 2961 2010 die

479 2049 582 2116 26.
626 2049 912 2117 Januarii
962 2050 1148 2118 1903.

1270 2153 1351 2221 D.
1395 2153 1575 2221 Card.
1627 2154 1917 2232 Fen-rata,
1974 2152 2173 2218 Praef.

2033 2257 2148 2326 Ph.
2199 2255 2500 2334 Giustini,
2546 2254 2777 2324 Seeret.

1061 2474 1127 2543 8.
1185 2474 1488 2560 Dispens
1532 2492 1665 2545 von
1709 2473 2351 2560 Ordensgeliibden.

683 2614 883 2681 Wenn
925 2614 1054 2679 ‘das
1118 2613 1512 2681 Mutterhaus
1557 2617 1725 2682 einer
1770 2613 2290 2683 Genossensehaft
2336 2635 2449 2680 von
2498 2614 2953 2682 Ordensl'rauen

473 2717 539 2783 in
582 2717 748 2784 einer
793 2717 1060 2785 anderen
1104 2718 1360 2785 Diozeso
1401 2719 1532 2785 eine
1583 2719 1801 2787 Filiale
1850 2719 1994 2799 hat,
2057 2719 2179 2784 und
2242 2719 2339 2784 ein
2404 2718 2693 2803 Mitglied
2754 2718 2959 2784 dieser

476 2821 698 2889 Filiale
736 2840 851 2889 von
893 2822 1012 2889 den
1042 2821 1360 2889 Gelfibden
1394 2823 1764 2908 dispensiert
1790 2822 2030 2889 ‘werden
2066 2822 2202 2902 soll,
2241 2823 2327 2887 ist
2356 2822 2533 2889 nieht
2561 2822 2671 2888 der
2706 2821 2962 2890 Bisehof

472 2927 581 2992 des
627 2925 1109 3005 Mutterhauses,
1157 2927 1415 2994 sondern
1463 2928 1570 2994 der
1614 2929 1724 2994 der
1764 2927 1984 2993 Filiale
2016 2928 2115 2994 fiir
2144 2926 2244 2993 die
2278 2926 2538 3012 Dispens
2571 2926 2953 3010 kompetent.

475 3030 691 3097 Dieses
752 3031 974 3116 besagt
1033 3031 1316 3117 folgende
1374 3032 1846 3117 Entseheidnng
1891 3033 2001 3099 der
2041 3031 2260 3118 Congr.
2307 3032 2456 3117 Epp.
2506 3033 2569 3098 et
2614 3032 2765 3117 Reg.
2816 3051 2951 3098 vom

473 3136 577 3201 21.
627 3135 803 3219 April
852 3135 1052 3202 1903:
1326 3142 1342 3157 '

681 3242 733 3304 A
783 3238 1273 3306 Moderatoribus
1318 3241 1724 3324 quorumdam
1775 3241 2209 3307 Institutornm
2255 3258 2419 3306 mere
2452 3240 2948 3306 dioecesanorum

472 3341 534 3409 S.
579 3341 1053 3428 congregationi
1105 3343 1535 3428 Episcoporum
1579 3347 1644 3411 et
1693 3345 2089 3429 Regularium
2139 3344 2452 3428 sequentis
2515 3343 2724 3422 dubii,
2788 3344 2953 3410 eirea

473 3449 747 3513 votorum
798 3447 1337 3532 dispensationem,
1382 3450 1607 3516 solutio
1656 3452 1964 3534 proposita
2013 3450 2151 3527 suit,
2200 3468 2449 3532 nempe:
2512 3446 2656 3528 ‚An
2697 3448 2953 3533 dispen-

470 3554 634 3618 satio
691 3556 969 3619 votorum
1012 3574 1140 3636 pro
1200 3554 1585 3621 monialibus
1635 3554 1960 3620 domorum
2013 3552 2312 3635 filialium
2372 3554 2443 3619 in
2497 3552 2761 3619 dioecesi
2819 3555 2952 3620 exi·

468 3656 758 3722 stantium
817 3656 1068 3723 diversa
1097 3642 1199 3723 ‘ab
1257 3658 1401 3734 illa,
1468 3660 1540 3725 in
1595 3681 1719 3742 qua
1764 3658 1929 3742 deyit
1991 3657 2211 3723 domus
2255 3658 2586 3740 princeps,
2647 3664 2957 3740 competat

470 3758 818 3826 ordinario
863 3759 1082 3827 domus
1120 3760 1364 3845 filialis,
1414 3762 1508 3828 vel
1541 3764 1750 3844 potius
1799 3761 2145 3829 ordinario
2187 3758 2409 3827 domus
2451 3762 2827 3845 prinmpis‘.

675 3862 736 3929 S.
784 3861 1234 3949 congregatio,
1294 3865 1506 3930 audito
1554 3865 1987 3932 Consultorum
2034 3868 2209 3944 voto,
2272 3866 2460 3948 atque
2504 3865 2748 3930 attenta
2792 3865 2949 3932 Gon-

467 3965 786 4032 stitutione
839 3968 1151 4047 „Condita
1199 3968 1446 4036 Christi
1487 3970 1841 4049 Ecclesia“,
1890 3968 2376 4050 respondendum
2425 3968 2772 4034 mandavit:

671 4071 769 4137 Ad
817 4073 1085 4155 primum
1132 4074 1551 4159 Affirmative.

674 4176 773 4241 Ad
814 4177 1146 4242 secundnm
1195 4178 1518 4263 Neyative.

679 4280 904 4346 Datum
968 4282 1227 4359 Romae,
1291 4302 1323 4347 e
1381 4281 1727 4348 Secretaria
1794 4282 2065 4348 eiusdem
2135 4281 2195 4349 S.
2267 4281 2779 4366 Congregationis
2847 4282 2947 4347 die

469 4384 569 4450 21.
625 4384 854 4469 Aprilis
903 4386 1092 4453 1903.
2942 4382 2947 4387 ’

1256 4490 1340 4557 D.
1389 4489 1568 4556 Card.
1617 4490 1907 4571 Fen-ata,
1959 4490 2160 4556 Praef.

1980 4595 2099 4663 Ph.
2147 4593 2458 4673 (vimine,
2507 4591 2736 4662 Secret.
