3303 5013
544 327 668 395 120
1390 341 1741 401 Kirchliche
1781 341 2183 401 Aktemeacke

538 520 781 587 tinendi
825 522 937 586 aut
981 518 1337 584 dimittendi
1383 517 1739 596 alumnam,
1799 517 1905 583 sed
1955 536 2081 596 res,
2146 517 2322 601 pleno
2382 517 2516 583 iure
2552 517 2630 583 ad
2675 535 3055 602 supremam

545 624 853 692 Ecclesiae
898 623 1335 690 auctoritatem
1375 623 1637 706 spectat.

1538 779 1676 844 111.
1724 779 2040 862 Quaestio.

750 929 938 996 Num.
993 927 1132 995 VII.
1196 925 1440 994 Decreti
1462 973 1479 1006 ,
1543 925 1895 992 declaratur
1949 927 2252 1010 professas
2312 929 2592 995 votorum
2637 927 3049 1013 Simplicium

543 1035 729 1100 choro
789 1034 1084 1100 interesse
1139 1030 1393 1108 debere;
1462 1031 1774 1114 quatenns
1838 1050 1978 1097 vero
2039 1031 2323 1116 legitime
2368 1032 2807 1117 impediantur,
2870 1053 3042 1118 quo·

546 1137 749 1204 minus
794 1136 977 1203 choro
1022 1135 1334 1214 intersint,
1393 1135 1473 1201 ad
1518 1136 1824 1219 privatam
1871 1134 2057 1202 officii
2106 1136 2530 1204 recitationem
2575 1156 2693 1204 non
2742 1137 3046 1222 obligari.

543 1242 704 1325 Quid
751 1258 891 1308 vero
935 1242 988 1307 si
1030 1260 1154 1326 qua
1195 1260 1234 1306 a
1277 1240 1478 1307 Ohoro
1525 1239 1843 1307 abstineat
1902 1240 2132 1324 absque
2195 1240 2478 1326 legitimo
2539 1242 3050 1325 impedimento?

543 1347 714 1429 Quae
758 1346 850 1412 ita
891 1364 956 1411 se
1001 1347 1207 1431 gerat,
1268 1344 1691 1430 negligentiae
1753 1345 1961 1410 notam
2025 1363 2228 1409 eoram
2288 1345 2631 1423 sororibus,
2702 1349 2799 1423 et,
2868 1348 3040 1430 quod

544 1451 745 1536 magis
791 1451 904 1531 est,
950 1450 1167 1538 culpae
1217 1449 1527 1515 maculam
1569 1467 1774 1516 coram
1825 1448 1953 1514 Deo
1978 1448 2219 1514 videtur
2249 1450 2577 1516 incurrere.
2636 1452 2722 1516 At
2749 1451 3045 1536 obligata

546 1577 621 1624 ne
662 1556 783 1624 erit
824 1555 1116 1623 Divinum
1162 1553 1454 1621 Officium
1496 1552 1788 1638 privatim
1833 1554 2141 1620 recitare?

1537 1730 1666 1798 11⁷.
1712 1730 2024 1814 Quaestio.

753 1879 944 1946 Num.
993 1878 1071 1946 X.
1136 1878 1382 1944 Decreti
1442 1876 1744 1944 statuitur
1784 1878 1990 1945 dotem
2055 1897 2188 1945 esse
2255 1877 2615 1944 solvendam
2680 1891 2827 1944 ante
2892 1897 3040 1961 pro·

548 1982 876 2051 fessionem
923 1985 1200 2050 votorum
1242 1982 1638 2066 simplicium.
1685 2020 1771 2030 —
1813 1983 2001 2048 Num.
2055 1982 2159 2048 VI.
2209 1982 2496 2067 professis
2542 1985 2821 2048 votorum
2867 1983 3031 2047 sim-

548 2088 801 2173 plicium
849 2105 1059 2153 omnes
1105 2086 1342 2153 favores
1387 2086 1741 2170 spirituales
1795 2087 2199 2171 indulgentur
2256 2106 2414 2171 quae
2478 2088 2840 2171 competunt
2894 2105 3038 2171 pro-

546 2192 727 2258 fessis
773 2193 1053 2258 votorum
1107 2189 1509 2270 solemnium,
1579 2209 1689 2256 nec
1747 2208 1867 2257 non
1929 2192 2136 2256 omnia
2180 2191 2479 2276 suffragia
2524 2191 2576 2256 si
2617 2194 2816 2257 morte
2862 2209 3038 2276 prae-

551 2295 892 2362 veniantur.
982 2295 1171 2361 Num.
1216 2294 1364 2361 XII.
1409 2294 1763 2361 decernitur
1826 2295 1904 2361 ad
1967 2295 2384 2362 dimittendas
2416 2315 2454 2361 a
2499 2296 2882 2363 Monasterio
2927 2314 3034 2361 vo-

550 2404 755 2467 torum
800 2398 1175 2483 simplicium
1224 2399 1545 2483 professas,
1601 2399 2039 2465 recurrendum
2078 2418 2212 2467 esse
2256 2401 2319 2466 in
2359 2400 2622 2484 singulis
2662 2401 2908 2466 casibus
2954 2400 3037 2465 ad

546 2503 608 2573 S.
656 2503 898 2573 Sedem.
961 2503 1134 2587 Quae
1181 2503 1347 2571 hisce
1391 2503 1455 2569 in
1502 2502 1657 2571 locis
1699 2504 2062 2571 sanciuntur
2103 2505 2337 2572 nullam
2387 2504 2823 2572 difficultatem
2857 2523 3036 2591 prae-

548 2610 823 2676 seferunt
866 2628 974 2694 pro
1015 2610 1094 2676 iis
1139 2608 1475 2676 Ordinibus
1518 2612 1629 2677 aut
1674 2609 2027 2688 Institutis,
2087 2610 2149 2676 in
2213 2610 2435 2695 quibus
2490 2610 2807 2694 hucusque
2854 2611 3036 2675 unica

549 2716 874 2784 observata
935 2718 1030 2781 est
1092 2716 1369 2782 votorum
1429 2713 1744 2799 professio,
1851 2717 1967 2782 Ast
2028 2715 2255 2781 adsunt
2317 2715 2666 2802 Religiosae
2733 2715 3036 2781 Familiae

547 2838 738 2908 quae,
810 2821 985 2887 iuxta
1058 2820 1306 2905 regulas
1382 2819 1754 2904 adprobatas
1819 2838 1857 2886 a
1923 2819 1983 2885 S.
2056 2818 2245 2899 Sede,
2332 2819 2565 2905 duplici
2639 2820 3031 2903 professione,

547 2924 813 3009 simplici
859 2926 924 2992 et
967 2924 1244 3003 solemni,
1293 2926 1575 2992 utuntur.
1666 2923 1829 3007 Quid
1875 2943 2022 2989 sane
2066 2924 2118 2989 si
2165 2925 2241 2989 ad
2288 2925 2576 2990 tramites
2622 2923 3035 2990 Constitutio-

551 3048 699 3095 num
746 3027 1097 3094 huiusmodi
1142 3027 1608 3108 Institutorum,
1669 3030 1779 3095 aut
1823 3029 1932 3094 dos
1978 3028 2269 3094 solvenda
2309 3031 2473 3094 esset
2519 3031 2664 3095 ante
2708 3028 3037 3113 professio·

551 3153 686 3200 nem
733 3132 1088 3209 solemnem,
1136 3135 1246 3197 aut
1289 3132 1618 3216 privilegia
1663 3131 2055 3220 (praesertim
2105 3133 2206 3218 pia
2247 3136 2384 3218 post
2415 3137 2671 3199 mortem
2706 3133 3034 3217 suffragia)

551 3256 658 3322 pro
706 3236 1076 3303 monialibus
1124 3239 1404 3302 votorum
1448 3236 1825 3321 simplicium
1870 3240 2075 3303 essent
2121 3239 2390 3317 minora,
2438 3241 2548 3304 aut
2592 3238 2781 3323 (quod
2827 3239 3034 3323 potius

550 3341 824 3423 videtur)
896 3338 1311 3424 Superiorissa
1369 3339 1691 3408 Generalis
1751 3340 2009 3408 haberet
2079 3343 2440 3409 facultatem
2498 3343 2853 3408 dimittendi
2900 3362 3036 3427 pro-

553 3448 777 3514 fessam
823 3448 1101 3512 votorum
1148 3445 1571 3531 simplicium?
1624 3446 1797 3529 Quae
1840 3448 1903 3512 in
1951 3446 2250 3532 praefatis
2294 3449 2568 3514 numeris
2607 3448 3035 3527 enunciantur,

550 3554 775 3618 suntne
825 3553 1232 3635 praeceptiva
1291 3570 1397 3637 pro
1450 3553 1734 3619 omnibus
1796 3554 2041 3619 omnino
2091 3554 2405 3619 institutis
2466 3555 2745 3619 votorum
2810 3553 3032 3619 solem-

551 3657 758 3735 nium,
827 3659 936 3723 aut
1001 3658 1418 3745 exceptionem
1484 3659 1808 3742 patiuntur
1876 3658 2070 3723 relate
2131 3658 2207 3724 ad
2270 3657 2534 3724 Ordines
2579 3677 2688 3723 seu
2732 3658 3037 3724 Instituta

547 3768 706 3849 quae
764 3762 1059 3847 speciales
1118 3762 1550 3847 dispositiones
1612 3762 1815 3847 quoad
1876 3761 2194 3846 praedicta
2257 3763 2483 3827 habent
2532 3762 2660 3827 sive
2705 3763 2768 3826 in
2818 3763 3035 3847 regula

550 3868 679 3935 sive
724 3867 785 3933 in
834 3865 1453 3934 constitutionibus?

758 3972 947 4040 Sacra
980 3971 1393 4056 Congregatio
1425 3971 1737 4037 E.morum
1774 3989 1848 4036 ao
1881 3971 2276 4039 Rev.morum
2309 3972 2368 4038 S.
2406 3972 2474 4038 R.
2511 3972 2579 4036 E..
2611 3970 3033 4039 cardinalium

551 4076 817 4162 negotiis
869 4079 933 4142 et
985 4075 1536 4141 consultationibus
1602 4076 2036 4160 Episcoporum
2096 4086 2159 4142 et
2225 4077 2622 4161 Regularium
2691 4078 3038 4161 praeposita

550 4200 734 4266 snper
777 4180 1124 4264 praemissis
1169 4180 1375 4246 dubiis
1418 4179 1743 4263 respondet
1789 4184 1971 4265 prout
2015 4180 2327 4265 sequitur:

765 4283 904 4350 »Ad
950 4284 1000 4348 1.
1064 4284 1255 4349 ritum
1317 4303 1425 4350 seu
1483 4285 1922 4352 coeremoniale
1982 4285 2042 4349 in
2108 4305 2468 4370 unoquoque
2528 4286 2899 4351 monasterio
2944 4307 3035 4353 re·

557 4392 839 4474 »ceptum
890 4387 1309 4454 adhibendum
1358 4407 1489 4455 esse
1534 4388 1595 4454 in
1647 4390 1994 4457 emittenda
2041 4391 2241 4474 prima
2283 4390 2688 4475 professione,
2750 4409 2859 4473 pro
2919 4409 3040 4475 qua

559 4496 926 4562 »consuetae
967 4492 1302 4573 formulae,
1349 4495 1727 4578 suppressis,
1775 4495 1829 4562 si
1875 4495 2114 4575 adsint,
2180 4496 2382 4561 verbis
2432 4494 2890 4561 solemnitatem
2937 4514 3037 4560 ex·

561 4598 1043 4682 »primentibus,
1106 4597 1461 4675 adiiciatur,
1524 4599 1818 4665 novitiam
1884 4618 2236 4683 nuncupare
2295 4603 2437 4665 vota
2497 4598 2805 4680 simplicia
2865 4598 3038 4666 iuxta

561 4703 913 4767 »decretum
961 4721 998 4766 a
1040 4699 1101 4769 S.
1139 4701 1631 4785 congregatione
1679 4703 1801 4769 Es.
1849 4706 1912 4771 et
1963 4705 2091 4770 BR.
2139 4702 2239 4770 die
2277 4706 2338 4769 3.
2372 4703 2528 4769 Maii
2567 4702 2729 4767 1902
2762 4702 3038 4770 editum:
