3303 5013
1218 278 1351 338 und
1389 274 1946 354 Entschctdrmycn.
2707 256 2835 332 269

542 450 759 537 Quoad
807 472 1013 540 preces
1067 454 1228 524 Emi
1274 455 1556 539 Episcopi
1597 455 1750 522 haec
1818 456 2006 537 mihi,
2070 457 2145 522 de
2193 475 2395 537 more,
2457 456 2834 524 advertenda

335 558 644 627 videntur.
699 597 773 608 —
827 559 1127 645 Equidem
1172 563 1367 644 patet,
1414 560 1764 644 quamlibet
1807 561 1988 646 stipis
2018 561 2499 628 distractionem
2546 562 2607 628 in
2639 562 2831 628 alium

336 682 516 729 nsum
587 664 737 730 licet
801 664 1005 748 pium,
1076 665 1303 731 mentis
1367 665 1757 731 offerentium
1822 667 2370 733 commutationem
2426 665 2831 745 secumferre;

334 768 549 834 eodem
595 768 776 835 modo
821 787 941 854 quo
987 769 1392 835 commutatio
1446 771 1626 835 adest
1668 789 1806 835 cum
1856 771 2192 839 celebratio
2251 771 2314 836 in
2364 771 2496 837 loco
2537 772 2614 836 ab
2660 771 2833 837 obla·

336 874 577 940 toribus
624 874 787 940 haud
835 874 1163 958 designato
1210 873 1546 958 perficitur.
1608 875 1707 940 Ne
1752 894 1788 939 a
1836 875 1953 959 piis
2001 876 2474 960 elargitionibus
2521 894 2670 960 erga
2717 876 2835 940 Ec-

333 978 590 1045 clesiam
637 977 849 1045 fideles
896 982 1376 1059 semoverentur,
1443 980 1520 1044 ob
1564 980 1917 1064 frequentes
1962 980 2356 1046 voluntatum
2400 981 2829 1046 defunctorum

336 1083 873 1163 commutationes,
923 1083 1199 1150 Oanones
1245 1083 1605 1150 solemniter
1638 1088 2102 1169 praeceperunt,
2151 1085 2282 1169 pias
2315 1084 2706 1151 fundationes
2738 1085 2835 1151 vel

331 1189 591 1254 ultimas
636 1189 1031 1257 morientium
1081 1189 1431 1255 voluntates
1478 1188 1764 1272 religiose
1809 1190 2143 1256 servandas
2183 1210 2352 1268 esse3
2400 1188 2548 1256 Can.
2591 1189 2833 1257 Ultima

327 1294 562 1361 volunt.
609 1293 761 1363 dist.
806 1298 891 1359 13
931 1314 989 1376 q.
1033 1300 1112 1376 2;
1178 1292 1479 1360 Clement.
1541 1294 1709 1376 Quia
1767 1297 2069 1379 contingit
2115 1300 2165 1361 2
2209 1296 2287 1360 de
2329 1295 2513 1379 reliq.
2559 1294 2826 1373 damah„-

335 1399 540 1483 Caput
578 1397 657 1465 Si
699 1398 1003 1466 haeredes
1043 1404 1101 1465 ct
1143 1399 1284 1465 Dua
1320 1397 1502 1465 nobis
1542 1399 1617 1464 de
1660 1398 1935 1465 Tectam.

543 1502 699 1568 Cum
746 1504 959 1569 tamen
1004 1503 1080 1568 ob
1126 1503 1499 1569 effraenatae
1548 1503 1860 1567 hominum
1911 1503 2286 1587 cupiditates
2350 1504 2686 1571 innumeris
2730 1505 2826 1570 in-

333 1607 668 1673 commodis
713 1607 1043 1672 Missarum
1090 1606 1400 1690 stipendia
1445 1607 1828 1672 occasionem
1876 1607 2289 1690 praebuerint,
2333 1607 2539 1691 plures
2570 1609 2645 1673 ad
2680 1609 2830 1676 haec

333 1712 701 1777 removenda
744 1713 821 1776 ab
871 1712 1148 1778 Ecclesia
1195 1710 1625 1777 sanctissimae
1672 1710 1842 1794 leges
1889 1729 1962 1777 ac
2008 1710 2260 1776 decreta
2299 1711 2560 1779 diversis
2590 1716 2830 1798 tempo·

335 1816 508 1881 ribus
534 1816 665 1882 lata
696 1816 980 1893 suerunt3
1018 1834 1177 1899 qnae
1202 1814 1539 1897 diligenter
1564 1834 1601 1879 a
1634 1815 1964 1880 Benedicto
1992 1814 2163 1883 XIV.
2208 1817 2418 1883 Instit.
2445 1807 2685 1884 Ecclcs.
2711 1821 2832 1899 56,-

341 1919 438 1987 De
494 1920 727 2005 Synod.
791 1919 1078 1987 Dioeces.
1138 1919 1239 1986 lib.
1304 1919 1345 1982 5
1402 1939 1541 2001 cap.
1584 1924 1666 2000 9;
1723 1919 1826 1986 De
1869 1918 2052 1986 Sacr.
2097 1923 2275 1987 miss.
2321 1920 2426 1989 lio.
2472 1926 2518 1987 3
2558 1943 2696 2004 cap.
2741 1929 2828 1990 21

333 2026 753 2090 recensentur.
812 2023 974 2089 Item
1031 2022 1215 2089 Conc.
1274 2021 1444 2089 Trid.
1491 2022 1658 2089 Sess.
1707 2028 1818 2089 22.
1863 2022 2112 2091 Decret.
2159 2024 2236 2091 de
2278 2024 2577 2091 observat.
2625 2031 2683 2092 et
2717 2028 2828 2093 rit.

327 2133 406 2196 in
449 2128 736 2196 celebrat.
785 2128 977 2195 Miss.
1020 2126 1377 2194 decretum:
1444 2125 1636 2192 »Cum
1687 2126 1950 2193 multa«.
2034 2128 2197 2193 Huic
2264 2127 2523 2194 Concilii
2582 2129 2828 2196 decreto

333 2236 727 2299 accesserunt
786 2232 1055 2298 celebres
1122 2231 1268 2296 illae
1313 2230 1394 2297 H.
1442 2229 1503 2299 S.
1550 2230 1744 2315 Cong.
1791 2231 2241 2298 declarationes
2286 2251 2394 2299 sen
2447 2234 2707 2301 Decreta
2752 2236 2830 2302 de

331 2338 738 2405 celebratione
785 2337 1149 2403 Missurum
1196 2335 1432 2402 Urbani
1480 2335 1632 2402 VIII
1699 2337 2074 2402 anctoritate
2117 2337 2322 2404 editae
2360 2338 2464 2405 die
2492 2344 2606 2407 21.
2642 2340 2827 2408 Iunii

334 2445 513 2510 1625
559 2460 664 2526 per
711 2439 920 2508 Const.
968 2459 1127 2524 quae
1175 2439 1393 2524 incipit
1443 2439 1639 2508 »Cum
1685 2461 1874 2523 saepe
1916 2442 2296 2528 contingant«,
2345 2462 2418 2509 ac
2467 2447 2680 2528 postea
2710 2445 2821 2511 ad·

331 2546 483 2612 ditis
541 2546 682 2611 aliis
741 2544 1223 2611 resolutionibus
1284 2545 1362 2612 ab
1423 2544 1740 2611 Innocent.
1793 2544 1959 2624 XIL,
2006 2545 2246 2612 decimo
2289 2546 2430 2615 Kal.
2476 2547 2607 2614 Ian.
2661 2550 2825 2615 1697

329 2650 502 2715 edita
546 2652 640 2714 est
686 2648 894 2716 Const.
952 2668 1110 2732 quae
1174 2648 1390 2732 incipit
1455 2651 1718 2733 »Nuper
1776 2651 2077 2717 innovata
2134 2657 2191 2717 ct
2251 2653 2704 2734 confimataeg
2765 2658 2828 2720 et

329 2754 610 2837 Epistola
659 2752 984 2839 Encyclica
1024 2772 1061 2818 a
1110 2752 1333 2820 Bened.
1382 2752 1553 2821 XIV.
1599 2772 1758 2836 quae
1804 2754 2023 2838 incipit
2074 2755 2371 2837 »Quanta
2412 2777 2643 2836 cura«,
2701 2756 2825 2822 diei

330 2858 432 2924 30.
480 2857 643 2923 Iunii
692 2858 895 2935 1741;
956 2860 1020 2922 et
1063 2876 1270 2941 nuper,
1321 2861 1390 2923 ut
1436 2857 1561 2924 alia
1605 2858 2011 2937 omittamus,
2081 2858 2406 2925 Decretum
2461 2860 2679 2926 datum
2724 2865 2821 2928 est

338 2964 414 3026 ab
459 2962 535 3028 H.
579 2961 641 3031 S.
690 2962 757 3030 C.
802 2964 908 3030 die
949 2967 1060 3030 25.
1113 2963 1287 3029 Maii
1332 2968 1506 3031 1893
1549 2962 1643 3028 ita
1688 2967 2090 3047 conceptum:

544 3067 888 3150 »vigilanti
936 3067 1143 3132 studio
1179 3066 1595 3133 convellendis
1624 3068 2137 3153 eradicandisque
2168 3069 2462 3135 abusibus
2495 3069 2824 3139 missarum

333 3170 801 3238 celebrationem
843 3171 1271 3256 spectantibus
1318 3223 1334 3239 .
1386 3225 1399 3241 .
1449 3220 1467 3238 .
1538 3173 1635 3238 Ad
1683 3172 2092 3239 cohibendam
2136 3192 2388 3257 pravam
2436 3175 2821 3259 quorundam

332 3274 646 3342 licentiam
708 3276 811 3360 qui
871 3276 948 3342 ad
1013 3276 1468 3360 ephemerides,
1534 3277 1724 3344 libros
1787 3276 2063 3362 aliasque
2110 3297 2344 3344 merces
2393 3279 2637 3345 facilius
2681 3301 2823 3347 cum

325 3380 489 3446 clero
531 3380 1000 3447 commutandas
1050 3383 1377 3447 missarum
1425 3401 1536 3466 ope
1581 3382 1918 3449 utebantur
1968 3437 1980 3450 .
2040 3433 2053 3448 .
2104 3436 2118 3451 .
2170 3384 2515 3467 Propositis
2563 3405 2826 3471 namque

326 3486 490 3550 inter
535 3484 661 3551 alia
704 3485 1105 3570 sequentibus
1154 3486 1394 3557 dubiis:

540 3589 692 3655 ›111.
742 3593 857 3670 An,
908 3590 1260 3657 huiusmodi
1306 3591 1835 3679 eleemosynarum
1875 3593 2266 3660 collectiones
2320 3595 2385 3659 et
2430 3594 2821 3679 erogationes

321 3696 472 3760 tunc
516 3694 706 3760 etiam
755 3694 1193 3777 improbandae
1231 3697 1296 3760 et
1340 3697 1727 3776 coercendae,
1801 3702 1873 3763 ut
1916 3717 2121 3782 supra,
2187 3698 2312 3763 siut
2355 3697 2434 3763 ab
2484 3697 2822 3781 Episcopis,

324 3797 568 3883 quando
626 3798 902 3876 lucrum,
968 3800 1128 3884 quod
1193 3818 1262 3865 ex
1327 3801 1624 3866 mercium
1696 3822 1836 3868 cum
1898 3802 2304 3888 eleemosynis
2367 3801 2822 3885 permutatione

329 3902 628 3981 hauritur,
685 3922 800 3968 non
859 3903 921 3967 in
986 3905 1296 3988 proprium
1352 3905 1781 3990 colligentium
1830 3906 2253 3984 commodum,
2322 3905 2427 3972 sed
2473 3906 2536 3970 in
2581 3906 2822 3989 piarum

329 4008 810 4085 institutionum,
859 4022 923 4072 et
969 4007 1260 4073 bonorum
1290 4028 1541 4093 operum
1577 4029 1757 4075 usum
1791 4011 1887 4077 vel
1926 4009 2375 4077 incrementum
2411 4010 2822 4095 impenditur3

537 4112 684 4181 »ΙΨ
731 4150 816 4160 -
864 4114 960 4178 An
1023 4113 1210 4179 liceat
1272 4114 1588 4198 Episcopis
1647 4115 1782 4181 sine
1837 4115 2090 4200 speciali
2155 4115 2215 4184 S.
2274 4115 2454 4184 Sedis
2516 4116 2698 4183 venia
2750 4135 2822 4182 ex

324 4216 724 4302 eleemosynis
766 4218 1129 4294 missarum,
1188 4237 1343 4302 quas
1397 4218 1608 4284 fideles
1654 4219 2095 4286 celebrioribus
2141 4218 2527 4287 Sanctuariis
2572 4220 2820 4287 tradere

321 4322 557 4398 solent,
605 4320 837 4405 aliquid
885 4321 1244 4402 detrahere,
1311 4326 1379 4388 ut
1420 4341 1631 4389 eorum
1672 4323 1878 4390 decori
1924 4325 1989 4389 et
2034 4329 2397 4391 ornamento
2438 4325 2817 4403 consulatur,

319 4425 566 4509 quando
611 4426 975 4509 praesertim
1019 4445 1093 4491 ea
1136 4426 1397 4509 propriis
1459 4426 1762 4493 reditibus
1826 4432 2114 4495 careant:
2178 4430 2249 4494 In
2312 4429 2606 4512 peculiari
2675 4446 2820 4493 con·

320 4532 508 4595 ventu
554 4549 651 4595 an.
700 4529 869 4596 1874
915 4529 974 4597 S.
1023 4529 1090 4598 C.
1138 4531 1423 4600 resolvit:
1473 4532 1570 4598 Ad
1621 4532 1735 4598 111.
1786 4532 2194 4598 Affirmative.
2290 4532 2385 4597 Ad
2438 4532 2542 4599 IV.
2599 4531 2813 4616 Nega-

321 4634 467 4713 tive,
517 4633 637 4699 nisi
683 4634 758 4700 de
806 4652 1107 4702 consensu
1152 4634 1521 4701 oblatorum.
2841 4635 2847 4642 ’

3120 4627 3290 4969 „A
