3303 5013
1164 344 1298 398 mad
1334 342 1892 414 Enneadauuqen.
2646 330 2772 395 689

287 513 567 593 reficiam
603 532 713 578 vos
728 511 801 597 ¹).
864 512 1243 579 Laborautes
1288 514 1493 578 autem
1539 518 1942 600 oneratosque
1988 533 2105 582 non
2155 517 2310 583 alios
2356 518 2770 603 intelligebat,

289 615 409 681 nisi
453 618 558 700 qui
605 620 857 700 peccato
906 617 1003 682 vel
1048 637 1249 682 errore
1297 620 1670 684 tenerentur.
1766 620 2015 702 Quanta
2074 622 2384 687 enimvero
2441 624 2500 687 in
2565 624 2770 690 divino

287 719 393 785 illo
428 722 728 805 magistro
760 722 1198 789 mansuetudo!
1233 740 1388 805 quae
1419 721 1716 799 suavitas,
1750 743 1907 808 quae
1942 725 2002 789 in
2037 743 2430 792 aerumnosos
2461 728 2771 811 quoslibet

286 824 636 892 miseratio!
698 825 816 892 Cor
860 827 991 891 eius
1033 827 1212 909 plane
1258 827 1454 909 pinxit
1502 827 1700 892 Isaiae
1760 829 1838 893 iis
1881 828 2116 894 verbis:
2179 830 2427 898 Ponam
2472 834 2770 914 spiritum

282 949 488 996 meum
523 950 716 1014 super
758 951 930 1008 eum3
986 951 1115 997 non
1165 932 1483 997 contendet
1526 952 1721 1015 neque
1764 934 2094 1011 clamabit3
2153 935 2535 1001 arundinem
2573 957 2767 1018 quas-

282 1039 488 1099 satam
526 1054 656 1100 nou
697 1036 1050 1117 confriuqet
1092 1041 1150 1100 et
1191 1035 1396 1102 linum
1434 1039 1766 1119 fumiyaus
1809 1058 1932 1102 non
1988 1039 2300 1122 σπη’-κρεκὶ
2318 1041 2390 1120 ²).
2450 1076 2537 1087 —
2596 1040 2767 1120 Quae

283 1155 461 1219 porro
504 1140 755 1218 caritas,
791 1139 1046 1221 patiens
1090 1141 1153 1204 et
1198 1140 1465 1224 beuiyua
1484 1143 1537 1224 ⁸)
1585 1140 1661 1205 ad
1708 1141 1847 1206 illos
1893 1142 2083 1206 etiam
2127 1144 2480 1225 porrigatur
2524 1163 2769 1211 necesse

281 1245 395 1320 est,
443 1243 549 1325 qui
595 1247 742 1309 suut
783 1245 954 1308 nobis
998 1243 1209 1309 infesti
1255 1243 1353 1310 vel
1395 1263 1501 1309 uos
1542 1245 1790 1310 inimice
1835 1245 2237 1311 insectantur.
2302 1247 2768 1314 Maledicimur

278 1352 337 1413 et
376 1346 809 1426 benedicimus,
856 1350 947 1412 ita
991 1349 1065 1413 de
1111 1368 1175 1412 se
1208 1348 1441 1414 Paulus
1487 1349 1915 1432 profitebatur,
1951 1350 2443 1433 persecutionem
2477 1355 2767 1434 patimur

275 1457 337 1517 et
377 1452 780 1531 sustinemus,
843 1451 1350 1533 blasphemamur
1390 1459 1451 1519 et
1495 1454 1888 1520 obsecramus
1904 1455 1977 1540 ⁴).
2077 1454 2316 1520 Peiores
2375 1455 2531 1521 forte
2576 1476 2762 1541 quam

277 1557 425 1620 sunt
470 1555 777 1621 videntur.
868 1555 1322 1622 consuetudine
1353 1557 1516 1621 enim
1550 1558 1839 1635 aliorum,
1890 1558 2326 1641 praeiudicatis
2352 1560 2759 1642 opinionibus,

279 1659 499 1725 alienis
529 1661 802 1726 consiliis
828 1663 891 1725 et
920 1661 1233 1744 exemplis,
1266 1661 1628 1726 malesuada
1661 1661 1906 1726 demum
1936 1662 2304 1727 verecundia
2334 1663 2398 1726 in
2433 1664 2758 1747 impiorum

277 1766 516 1847 partem
566 1765 858 1830 translati
903 1767 1081 1830 sunt:
1128 1768 1400 1831 attamen
1451 1785 1658 1830 eorum
1715 1766 1998 1831 voluntas
2041 1785 2156 1831 non
2205 1766 2355 1832 adeo
2398 1771 2492 1834 est
2538 1769 2755 1852 depra-

274 1871 442 1947 vata,
482 1869 646 1934 sicut
692 1869 756 1933 et
795 1869 914 1952 ipsi
953 1870 1158 1952 putari
1191 1872 1487 1953 gestiunt.
1578 1869 1805 1951 Quidni
1848 1890 2161 1954 speremus
2193 1871 2569 1937 christianae
2603 1874 2758 1938 cari·

274 1973 425 2036 tatis
494 1974 811 2038 flammam
871 1974 947 2038 ab
1011 1974 1234 2039 animis
1299 1975 1630 2059 caliginem
1691 1974 2105 2059 dispulsnram
2177 1978 2360 2059 atque
2423 1976 2756 2042 allaturam

271 2078 457 2142 simul
505 2077 620 2142 Dei
667 2078 984 2143 lumen.et
1028 2081 1284 2161 pacem?
1373 2078 1753 2144 Tardabitur
1796 2078 2161 2163 quandoque
2222 2079 2484 2145 forsitan
2531 2081 2759 2146 laboris

271 2182 464 2246 nostri
509 2181 790 2260 fructus;
837 2182 944 2247 sed
975 2183 1206 2248 caritas
1251 2183 1701 2249 sustentatione
1736 2202 2045 2268 nunquam
2078 2184 2482 2268 defatigatur,
2527 2204 2758 2252 memor

270 2305 389 2351 non
436 2304 566 2353 esse
600 2288 874 2370 praemia
919 2306 955 2350 a
1000 2287 1125 2352 Deo
1167 2287 1478 2371 proposita
1522 2288 1803 2354 laborum
1850 2288 2154 2354 fructibus
2198 2288 2304 2353 sed
2341 2289 2666 2354 voluntati.

480 2393 796 2470 Attamen,
850 2392 1243 2458 Venerabiles
1307 2392 1573 2472 Fratres,
1636 2412 1752 2477 non
1812 2412 1884 2458 ea
1928 2391 2125 2458 Nobis
2184 2411 2357 2458 mens
2414 2397 2509 2459 est
2556 2397 2641 2467 ut,
2690 2394 2752 2458 in

266 2496 401 2560 toto
447 2494 559 2561 boc
594 2515 774 2580 opere
804 2500 935 2562 tam
966 2496 1159 2563 arduo
1192 2498 1605 2564 restitutionis
1636 2497 2044 2563 humanarum
2079 2497 2360 2581 gentium
2395 2497 2453 2561 in
2485 2497 2750 2576 Christo,

266 2600 472 2665 nullos
536 2619 641 2665 vos
708 2602 1031 2686 clerusque
1098 2606 1301 2667 vester
1365 2604 1679 2668 adiutores
1749 2601 2051 2666 habeatis
2143 2600 2384 2666 Scimus
2426 2602 2747 2667 mandasse

268 2704 464 2769 Deum
513 2705 842 2789 uuicuique
884 2705 958 2771 de
991 2708 1263 2790 proximo
1298 2726 1407 2772 suo
1427 2709 1497 2788 ⁵).
1570 2707 1709 2771 Non
1742 2707 1940 2790 igitur
1974 2725 2076 2771 eos
2103 2707 2369 2783 tantum,
2416 2705 2519 2789 qui
2560 2705 2751 2771 sacris

264 2827 331 2874 se
365 2809 750 2888 addixerunt,
795 2810 898 2874 sed
934 2811 1246 2875 universos
1277 2828 1525 2893 prorsus
1556 2810 1768 2874 fideles
1799 2809 2144 2874 rationibus
2174 2808 2287 2874 Dei
2318 2813 2380 2874 et
2410 2809 2748 2874 animorum

266 2912 626 2979 adlaborare
671 2913 940 2997 oportet:
1005 2931 1123 2977 non
1177 2915 1375 2979 marte
1436 2915 1651 2997 utique
1716 2931 2018 2997 quemque
2073 2931 2184 2977 suo
2237 2916 2422 2997 atque
2484 2913 2747 2996 ingenio,

267 3037 478 3082 verum
519 3036 758 3102 semper
800 3017 1236 3101 Episcoporum
1286 3018 1474 3082 ductu
1522 3019 1709 3101 atque
1751 3017 1935 3094 nutu;
1996 3034 2273 3099 praeesse
2318 3035 2598 3099 namque,
2640 3016 2748 3081 do-

262 3141 419 3200 cere,
469 3123 770 3187 moderari
835 3122 1065 3187 nemini
1124 3123 1188 3186 in
1234 3121 1510 3188 Ecclesia
1555 3121 1740 3187 datur
1800 3122 2045 3205 praeter
2103 3139 2288 3204 quam
2338 3121 2526 3199 vobis,
2598 3141 2751 3203 quos

262 3226 544 3309 Spiritus
569 3227 838 3294 Sanctus
857 3229 1077 3309 posuit
1105 3248 1316 3313 reyere
1338 3226 1697 3295 Ecclesiam
1719 3227 1850 3294 Dei
1861 3229 1935 3309 ⁶).
1961 3262 2044 3273 ·—
2073 3224 2421 3291 Catholicos
2451 3225 2747 3314 homineS,

265 3332 432 3396 vario
477 3331 724 3415 quidem
767 3332 1019 3398 consilio
1062 3334 1131 3397 at
1175 3351 1416 3416 semper
1459 3331 1773 3414 religionis
1817 3332 1995 3408 bone,
2038 3330 2202 3395 coire
2247 3329 2412 3394 inter
2451 3349 2515 3394 se
2556 3331 2744 3395 socie·

261 3437 475 3512 tatem,
540 3435 899 3502 Decessores
940 3436 1154 3502 Nostri
1214 3437 1544 3520 probavere
1605 3435 1838 3500 iamdiu
1886 3435 2163 3519 bonaque
2210 3433 2561 3516 precatione
2606 3453 2741 3498 san·

260 3540 498 3608 xerunt.
590 3540 959 3604 Institutum
1030 3558 1204 3623 porro
1271 3539 1590 3623 egregium
1656 3540 1783 3604 Nos
1853 3540 2040 3604 etiam
2101 3538 2461 3603 laudatione
2517 3538 2747 3603 Nostra

260 3662 476 3710 ornare
520 3662 636 3710 non
682 3643 1070 3722 dubitamus,
1131 3645 1538 3727 optamusque
1584 3644 1978 3708 vehementer
2037 3645 2110 3708 ut
2154 3643 2410 3707 urbibus
2456 3644 2745 3725 agrisque

260 3748 387 3813 late
431 3747 735 3815 inferatur
779 3766 853 3813 ac
896 3747 1129 3813 floreat.
1201 3746 1744 3812 Verumenimvero
1803 3746 2286 3813 consociationes
2334 3746 2630 3812 eiusmodi
2674 3765 2745 3811 eo

260 3851 455 3934 primo
486 3871 558 3917 ac
588 3851 981 3936 potissimum
1012 3855 1294 3935 spectare
1327 3851 1625 3928 volumus,
1673 3853 1745 3915 ut
1774 3854 2076 3935 quotquot
2108 3851 2173 3915 in
2204 3850 2345 3915 illas
2376 3853 2744 3934 cooptantur

262 3952 599 4021 christiano
626 3975 793 4021 more
824 3958 1178 4021 constanter
1215 3958 1440 4021 vivant.
1505 3956 1733 4020 Parum
1766 3955 2035 4039 profecto
2068 3954 2325 4020 interest
2354 3957 2744 4038 quaestiones

260 4057 492 4122 multas
536 4059 851 4124 subtiliter
895 4060 1144 4143 agitari,
1203 4060 1397 4144 deque
1443 4059 1683 4125 iuribus
1728 4062 1792 4124 et
1834 4058 2057 4125 officiis
2099 4059 2457 4142 eloquenter
2502 4058 2741 4136 disseri,

260 4161 365 4227 ubi
412 4161 563 4228 haec
606 4162 685 4228 ab
720 4163 959 4228 actione
1003 4164 1238 4230 fuerint
1280 4164 1581 4248 seiugata.
1678 4162 2005 4228 Postulant
2048 4163 2210 4244 enim
2243 4163 2547 4228 actionem
2578 4166 2741 4228 tem-

258 4286 438 4351 pora3
479 4265 586 4332 sed
632 4285 766 4332 eam
812 4286 971 4350 quae
1014 4271 1149 4335 tota
1192 4270 1279 4335 sit
1315 4269 1375 4333 in
1423 4268 1650 4333 divinis
1696 4267 1941 4352 legibus
1988 4271 2172 4352 atque
2206 4267 2516 4332 Ecclesiae
2564 4286 2740 4350 prae-

255 4371 504 4456 scriptis
548 4373 760 4438 sancte
788 4372 1151 4457 integreque
1180 4373 1519 4453 servandis,
1567 4372 1632 4437 in
1680 4372 1977 4456 religione
2019 4372 2208 4437 libere
2237 4374 2566 4454 aperteque
2603 4390 2738 4454 pro-

255 4475 505 4555 fitenda,
553 4475 617 4541 in
648 4477 1012 4562 omnigenae
1056 4477 1301 4544 demum
1346 4478 1630 4543 caritatis
1672 4477 1960 4560 operibus
2005 4474 2374 4553 exercendis,
2420 4474 2590 4539 nullo
2636 4474 2732 4539 sui

466 4643 513 4713 l)
552 4642 755 4698 Matth.
792 4642 890 4708 xl,
927 4642 1011 4698 28.
1047 4671 1114 4682 —-
1146 4644 1202 4711 2)
1240 4642 1311 4698 Is.
1359 4642 1532 4708 XLII,
1570 4644 1597 4697 1
1639 4659 1683 4697 s.
1721 4670 1788 4681 —
1827 4641 1881 4708 3)
1918 4643 1947 4695 Ι
1972 4640 2091 4696 Cor.
2119 4636 2275 4702 xm,
2299 4638 2348 4691 4.
2381 4665 2446 4675 -
2483 4638 2539 4702 4)
2565 4638 2592 4691 1
2618 4636 2736 4692 Cor.

254 4713 346 4780 lv,
390 4714 456 4769 12
492 4730 534 4769 s.
570 4740 639 4751 -·
677 4713 731 4780 5)
763 4712 923 4769 Eccli.
962 4712 1132 4776 XVII,
1176 4713 1255 4768 12.
1292 4743 1357 4752 —
1392 4712 1449 4782 6)
1491 4713 1609 4767 Act.
1649 4711 1769 4776 XX,
1806 4710 1892 4766 28.

309 4810 496 4857 Archiv
525 4809 604 4857 fur
635 4808 1008 4858 mmmm-eom
1045 4808 1326 4857 amm.
2444 4792 2530 4861 45
