3303 5013
483 332 613 398 358
1502 347 1960 419 Mittmmyen.

502 522 702 589 durch
745 520 1330 588 Hofkanzleidekret
1372 539 1510 588 vom
1556 520 1618 587 8.
1665 520 1916 604 August
1963 517 2164 597 1842,
2224 520 2383 584 auch
2442 517 2553 583 auf
2616 517 2714 583 die
2760 518 2981 603 galizi-

487 627 675 694 schen
726 625 1058 702 Diozesen,
1117 625 1237 691 mit
1299 626 1660 692 Ausnahme
1718 623 1828 691 der
1872 623 2175 708 Republik
2225 623 2516 702 Krakau,
2576 622 2675 690 die
2719 627 2848 689 erst
2888 625 2981 689 im

487 732 647 800 Jahr
697 729 863 797 1846
909 749 988 797 an
1034 719 1385 797 Osterreich
1432 730 1597 809 kam,
1644 728 2036 814 ausgedehnt
2067 727 2306 806 wurde;
2349 747 2462 793 nur
2503 727 2857 794 Dalmatien
2892 729 2984 795 ist

491 854 969 922 ausgenommen
1029 835 1125 920 (F.
1181 834 1414 901 Rudolf
1472 833 1748 915 Scherer,
1824 832 2215 900 »Handbuch
2277 831 2386 899 des
2432 832 2981 912 Kirchenrechts‹,

490 942 672 1021 Graz,
725 940 913 1019 1898,
964 939 1049 1006 11.
1097 939 1230 1019 Bd.,
1277 937 1339 1008 S.
1387 938 1538 1019 420,
1581 940 1766 1005 Anm.
1816 937 1927 1022 36)
1977 977 2048 987 —
2101 937 2200 1003 die
2248 936 2489 1022 passive
2522 937 2837 1003 Assistenz
2868 957 2984 1023 ge-

490 1045 706 1112 leistet
751 1043 950 1111 werde
995 1044 1056 1110 in
1102 1043 1243 1110 dem
1286 1043 1461 1124 Fall,
1515 1062 1683 1110 wenn
1732 1045 1911 1109 unter
1957 1042 2357 1128 schwierigen
2401 1040 2871 1108 Verbaltnissen
2916 1062 2987 1108 es

493 1150 591 1216 fiir
621 1149 721 1215 die
757 1148 1149 1216 katholische
1181 1147 1410 1216 Kirche
1441 1148 1566 1214 und
1596 1148 1709 1215 das
1742 1148 2114 1233 allgemeine
2148 1145 2335 1212 Wohl
2364 1146 2695 1213 immerhin
2728 1146 2989 1214 vorteil-

493 1253 699 1320 hafter
717 1253 821 1333 ist,
845 1253 991 1319 dass
1017 1252 1116 1319 die
1145 1252 1272 1319 Ehe
1296 1271 1405 1321 vor
1428 1252 1566 1318 dem
1592 1251 2024 1320 katholischen
2043 1250 2291 1317 Pfarrer
2317 1250 2409 1318 als
2433 1270 2539 1317 vor
2555 1250 2693 1316 dem
2719 1251 2988 1317 akatho·

493 1358 726 1425 lischen
776 1357 1308 1443 Religionsdiener
1352 1357 1749 1444 geschlossen
1790 1355 2025 1424 werde:
2075 1355 2177 1422 »Si
2222 1354 2586 1440 quandoque
2632 1355 2730 1436 fit,
2780 1356 2852 1421 ut
2900 1407 2918 1424 .
2969 1410 2984 1424 .

497 1462 745 1529 aliunde
805 1481 902 1529 res
961 1462 1191 1547 absque
1248 1463 1551 1548 gravioris
1610 1461 1759 1528 mali
1802 1460 2200 1544 scandalique
2243 1459 2515 1545 periculo
2558 1460 2621 1526 in
2662 1459 2989 1546 religionis

499 1566 834 1652 perniciem
879 1567 1204 1635 interverti
1248 1567 1431 1652 plane
1477 1586 1595 1632 non
1640 1565 1836 1652 possit
1879 1565 2188 1651 simulque
2217 1565 2282 1631 in
2314 1564 2607 1632 ecclesiae
2637 1564 2990 1631 utilitatem

504 1674 568 1739 et
615 1691 937 1740 commune
982 1672 1208 1740 bonum
1246 1691 1501 1758 vergere
1532 1690 1705 1757 posse
1735 1671 2129 1757 agnoscatur,
2172 1670 2226 1736 si
2259 1669 2682 1736 huiuscemodi
2711 1668 2989 1754 nuptiae,

504 1780 803 1863 quantum
852 1778 944 1845 vis
981 1777 1243 1845 illicitae
1287 1796 1358 1844 ac
1389 1777 1642 1858 vetitae,
1688 1795 1893 1843 coram
1928 1775 2192 1861 parocho
2225 1773 2530 1842 catholico
2561 1773 2763 1860 potius
2794 1793 2991 1859 quam

501 1901 705 1950 coram
753 1881 1037 1949 ministro
1079 1881 1424 1950 acatholico
1468 1931 1486 1949 .
1534 1932 1552 1950 .
1601 1933 1619 1950 .
1666 1881 2069 1965 celebrentur,
2114 1883 2265 1948 tunc
2309 1879 2611 1966 parochus
2640 1878 2995 1947 catholicus

500 2037 518 2055 .
563 2037 577 2053 .
628 2038 643 2054 .
693 1986 924 2072 poterit
971 2035 985 2051 .
1031 2037 1049 2053 .
1096 2012 1155 2053 ,ι

706 2092 780 2156 In
843 2091 1072 2157 andern
1132 2091 1412 2158 Landern
1475 2092 1722 2159 erlaubt
1787 2091 1895 2159 der
1961 2090 2264 2158 romische
2335 2089 2520 2157 Stuhl
2586 2089 2685 2156 die
2742 2089 2995 2173 passive

508 2196 860 2275 Assistenz,
925 2216 975 2263 z.
1023 2195 1098 2261 B.
1144 2195 1231 2262 im
1277 2197 1660 2282 Herzogtum
1705 2196 1923 2276 Cleve,
1977 2215 2151 2262 wenn
2194 2195 2303 2261 der
2350 2195 2593 2261 Psarrer
2638 2194 2832 2260 durch
2874 2194 2996 2263 das

502 2299 891 2386 burget-licha
945 2300 1166 2368 Gesetz
1221 2303 1403 2368 unter
1459 2301 1759 2369 schwerer
1811 2301 2018 2369 Strafe
2072 2320 2180 2367 zur
2238 2300 2555 2367 Assistenz
2612 2317 2998 2386 gezwungen

512 2405 680 2471 wird.
773 2405 947 2472 Doch
1014 2405 1165 2471 wird
1216 2407 1280 2473 in
1327 2405 1434 2472 der
1478 2407 2012 2473 mehrerwabnten
2057 2404 2479 2473 Instrucktion
2525 2423 2606 2470 an
2647 2404 2747 2470 die
2793 2406 2999 2472 Oster-

504 2509 892 2578 reichischen
941 2511 1226 2578 Bischofe
1271 2511 1379 2578 der
1423 2512 1950 2581 einschrankende
2003 2512 2246 2580 Beisatz
2291 2510 2619 2598 gemacht:
2687 2510 2846 2577 »His
2892 2513 2999 2578 ta-

507 2636 648 2684 men
695 2616 756 2682 in
804 2615 1290 2684 circumstantiis
1337 2617 1510 2684 haud
1556 2618 1812 2703 impari,
1858 2619 1983 2685 imo
2027 2616 2381 2703 impensiori
2425 2615 2616 2683 etiam
2658 2617 2885 2683 conatu
2933 2619 2999 2683 et

507 2720 712 2789 studio
759 2740 866 2807 per
912 2722 1376 2806 praenuntiatos
1417 2724 1754 2790 Antistites
1799 2725 1865 2790 et
1903 2722 2199 2809 parochos
2244 2720 2683 2789 elaborandum
2727 2721 2872 2799 erit,
2918 2723 2990 2786 ut

506 2845 544 2892 a
586 2825 895 2894 catholica
942 2828 1116 2911 parte
1162 2829 1568 2912 perversionis
1611 2828 1979 2913 periculum,
2024 2827 2226 2914 quoad
2273 2827 2406 2895 fieri
2447 2826 2659 2912 possit,
2706 2843 2987 2893 amovea-

505 2933 629 3011 tur,
691 2934 764 2999 ut
820 2931 1008 3017 prolis
1064 2931 1384 3018 utriusque
1446 2953 1624 3001 sexus
1670 2933 2019 3001 educationi
2064 2933 2131 3000 in
2177 2932 2475 3018 religione
2519 2931 2830 2998 catholica
2874 2950 2999 3016 quo

510 3036 761 3103 meliore
806 3036 994 3104 liceat
1038 3037 1251 3117 modo,
1310 3039 1752 3124 prospiciatur,
1815 3042 2003 3125 atque
2068 3040 2140 3105 ut
2199 3038 2419 3105 coniux
2463 3036 2806 3105 catholicae
2849 3035 3002 3102 fidei

511 3141 853 3208 adhaerens
907 3143 1067 3209 serio
1135 3142 1537 3210 admoneatur
1595 3145 1671 3211 de
1727 3144 2136 3230 obligatione,
2200 3162 2356 3228 quae
2413 3144 2680 3222 tenetur,
2738 3142 3006 3209 curandi

508 3266 619 3332 pro
691 3247 921 3313 viribus
988 3247 1322 3314 acatholici
1377 3249 1657 3335 coniugis
1696 3249 2182 3326 conversionem,
2245 3248 2404 3334 quod
2464 3248 2543 3315 ad
2601 3247 2845 3314 veniam
2889 3266 3005 3333 pa·

509 3352 816 3419 tratorum
864 3351 1190 3419 criminum
1242 3353 1488 3421 facilius
1532 3374 1569 3422 a
1614 3355 1744 3422 Deo
1789 3354 2188 3423 obtinendam
2236 3354 2355 3421 erit
2383 3352 3006 3439 opportunissimum.

514 3457 800 3526 Ceterum
861 3457 1302 3525 Sanctissimae
1365 3460 1555 3526 Pater
1612 3459 1833 3527 intime
1893 3460 2140 3542 dolens,
2204 3459 2365 3545 quod
2430 3460 2583 3527 haec
2627 3459 3007 3526 tolerantiae

512 3562 671 3629 ratio
746 3582 895 3650 erga
965 3562 1264 3632 ditionem
1339 3564 1683 3633 catholicae
1760 3566 1903 3632 fidei
1989 3565 2357 3652 professione
2436 3565 2742 3651 insignem
2807 3563 3010 3633 fuerit

513 3668 801 3750 ineunda,
847 3669 1187 3737 Antistites
1230 3671 1394 3755 ipsos
1438 3690 1543 3756 per
1590 3671 1822 3739 viscera
1865 3672 2017 3739 Jesu
2064 3670 2318 3750 Christi,
2360 3670 2536 3738 cuius
2577 3687 2902 3755 personam
2935 3671 3010 3737 in

513 3774 696 3842 terris
737 3774 903 3860 gerit
945 3777 1081 3842 tota
1128 3775 1321 3843 animi
1364 3775 1753 3844 contentione
1799 3777 2166 3858 obtestatur,
2227 3779 2300 3845 ut
2354 3775 2417 3841 id
2461 3775 2709 3842 demum
2754 3774 2821 3840 in
2863 3777 3007 3842 tam

514 3880 691 3966 gravi
740 3881 986 3965 negotio
1028 3900 1215 3967 agere
1260 3881 1584 3962 studeant,
1629 3881 1791 3967 quod
1835 3881 2163 3967 implorato
2200 3880 2469 3967 Spiritus
2514 3879 2714 3948 sancti
2759 3880 3008 3947 lumine

512 3985 865 4052 istiusmodi
926 3985 1034 4052 fini
1122 4005 1332 4053 revera
1413 3985 1764 4054 censuerint
1820 3986 2184 4071 respondere
2245 3989 2432 4071 atque
2494 3985 2571 4053 ad
2632 4004 2754 4052 una
2810 3985 3009 4054 simul

514 4093 849 4178 satagant,
914 4110 989 4157 ne
1040 4091 1158 4157 tali
1220 4091 1587 4159 tolerantiae
1632 4093 1872 4159 ratione
1914 4112 2064 4178 erga
2110 4091 2387 4160 homines
2443 4091 2638 4159 mixta
2695 4091 3008 4159 connubia

514 4196 737 4265 illicite
779 4197 1203 4264 contracturos
1245 4198 1591 4283 contingat,
1637 4198 1710 4263 ut
1753 4196 1817 4263 in
1865 4196 2168 4265 catholico
2206 4197 2428 4283 populo
2473 4198 2834 4265 extenuetur
2874 4216 3008 4264 me-

517 4301 713 4369 moria
760 4300 1074 4369 canonum
1114 4321 1188 4369 ea
1228 4303 1625 4370 matrimonia
1656 4303 2099 4370 detestantium
2132 4304 2196 4369 et
2226 4303 2764 4370 constantissimae
2795 4320 3005 4382 curae,

516 4425 639 4491 qua
698 4407 917 4473 sancta
975 4408 1175 4473 mater
1234 4407 1511 4475 Ecclesia
1567 4408 1723 4475 alios
1782 4427 1923 4475 suos
1991 4409 2266 4475 avertere
2333 4407 2545 4474 studet
2604 4406 2684 4474 ab
2744 4405 2872 4473 illis
2933 4407 3000 4472 in

514 4529 766 4576 suarum
801 4509 1144 4577 animarum
1173 4511 1479 4579 iacturam
1511 4511 1965 4579 contrahendis.
2011 4512 2214 4595 Quare
2245 4511 2572 4580 eorundem
2615 4511 2996 4578 Antistitum

518 4615 584 4677 et
626 4612 1030 4695 parochorum
1075 4615 1215 4696 erit,
1259 4615 1325 4681 in
1369 4614 1719 4683 erudiendis
1764 4616 1890 4683 sive
1936 4616 2224 4702 privatim
2271 4616 2399 4684 sive
2442 4615 2682 4702 publice
2716 4615 2999 4682 fidelibus

521 4712 902 4796 flagrantiori
944 4716 1008 4783 in
1054 4719 1368 4804 posterum
1413 4718 1542 4785 zelo
1585 4718 1929 4787 doctrinam
1976 4724 2041 4788 et
2084 4721 2256 4806 leges
2300 4719 2377 4787 ad
2425 4740 2498 4788 ea
2526 4719 2833 4788 connubia
2859 4738 2999 4804 per-
