3303 5013
542 252 673 323 396
1676 261 1906 328 eamr,

541 438 918 507 anctoritate
961 433 1241 520 predicta
1279 431 1375 499 vel
1416 431 1574 498 alias
1618 433 1938 500 occasione
1983 433 2148 501 dicte
2178 435 2285 501 tue
2314 435 2882 508 administracionis
2913 461 3036 509 non

538 545 692 610 bene
736 545 801 609 et
847 541 1088 607 utiliter
1130 538 1305 624 geste
1344 537 1539 603 teneri
1585 555 1791 621 posses
1834 538 2259 622 quoquomodo
2301 559 2375 607 ea
2420 542 2628 609 omnia
2671 547 2738 611 et
2775 546 3032 631 singula

538 667 610 714 ex
657 666 819 713 nnnc
861 648 926 712 et
955 664 1028 712 ex
1062 645 1271 709 nostra
1309 640 1480 707 certa
1513 642 1779 708 sciencia
1810 645 1874 708 et
1905 662 2078 709 mera
2110 643 2489 712 liberalitate
2522 646 2642 714 tibi
2658 648 2711 730 ⁸)
2742 650 3025 717 remicti-

538 772 678 819 mus
722 751 989 837 penitus,
1034 746 1424 814 concedimus
1462 747 1527 812 et
1558 745 1857 812 donamus
1888 749 1952 812 et
1982 749 2054 814 ut
2082 749 2173 826 tu,
2223 748 2496 830 heredes,
2543 770 2923 821 successores
2964 757 3031 822 et

538 859 887 923 executores
927 872 1001 921 ac
1045 871 1297 920 causam
1346 850 1643 918 habentes
1689 852 1753 917 et
1798 851 2077 917 habituri
2126 853 2384 937 predicti
2431 854 2506 921 de
2543 857 2858 940 premissis
2887 859 3029 925 sitis

537 961 892 1039 securiores,
938 958 993 1024 si
1038 957 1280 1024 racione
1321 955 1797 1041 obligacionnm,
1862 956 2351 1039 promissionum,
2406 960 2784 1041 mutuorum,
2826 962 3026 1047 impo-

535 1065 854 1144 sicionum,
895 1061 1296 1141 indicionurn,
1341 1059 1745 1125 donacionum
1775 1078 1881 1126 seu
1910 1062 2338 1129 contractuum
2371 1081 2880 1151 quorumcunque
2910 1087 3023 1134 seu

535 1170 737 1236 causis
790 1165 1248 1236 occurrentibus
1306 1164 1406 1231 vel
1445 1163 1790 1231 racionibus
1843 1164 2331 1251 quibuscumque
2373 1186 2484 1251 pro
2531 1169 2727 1252 nobis,
2775 1189 3025 1237 camera

532 1277 764 1354 nostra,
824 1271 1084 1357 collegio
1145 1270 1239 1337 vel
1304 1269 1565 1336 ecclesia
1603 1269 1887 1336 Romana
1949 1271 2029 1334 ad
2085 1271 2295 1355 aliqua
2356 1272 2569 1339 debita
2621 1275 3024 1358 persolvenda

535 1378 968 1447 restituciones
1025 1374 1342 1442 faciendas
1400 1374 1498 1440 vel
1562 1392 1748 1440 onera
1793 1375 2215 1458 supportanda
2260 1395 2644 1461 quecumque
2687 1380 3023 1463 quomodo·

532 1484 688 1551 libet
743 1482 1014 1549 tenearis
1066 1500 1174 1547 seu
1215 1479 1293 1545 ad
1342 1478 1455 1545 hoc
1494 1480 1809 1557 astrictus,
1858 1480 2150 1546 obnoxius
2197 1481 2293 1546 vel
2336 1482 2651 1566 obligatus
2709 1484 2939 1552 existas
2959 1485 3021 1571 ¹³)

533 1588 610 1654 ad
658 1607 766 1654 nos
811 1590 877 1654 et
919 1587 1160 1652 nostros
1215 1601 1597 1650 successores
1657 1602 1729 1649 ac
1787 1583 2104 1649 ecclesiam
2174 1586 2510 1651 Romanam
2574 1589 2638 1653 et
2705 1606 3014 1655 cameram

533 1691 843 1776 predictos
887 1708 1123 1757 exnunc
1169 1688 1280 1754 illa
1308 1691 1625 1771 tanquam
1671 1690 1879 1754 nostra
1921 1689 2167 1772 propria
2229 1689 2671 1756 transferentes
2731 1696 2797 1757 et
2856 1695 3020 1758 tota·

534 1795 679 1863 liter
722 1794 1092 1880 recipientes
1137 1793 1354 1860 exinde
1401 1811 1527 1868 nos,
1573 1811 1956 1859 successores
2013 1795 2253 1859 nostros
2314 1812 2387 1859 ac
2432 1794 2754 1861 ecclesiam
2805 1797 2871 1862 et
2914 1816 3017 1862 ca·

530 1919 767 1966 meram
812 1898 1165 1967 huiusmodi
1211 1897 1493 1965 volumus
1531 1899 1594 1963 et
1637 1896 2022 1963 declaramus
2070 1916 2203 1963 esse
2244 1897 2578 1964 efficaciter
2616 1899 2925 1985 obligatos
2954 1905 3021 1967 et

530 2008 815 2072 oneratos
859 2004 1142 2071 totaliter
1185 2004 1251 2069 et
1288 2000 1630 2069 omnimode
1672 2020 1987 2068 remanere
2034 2001 2315 2069 volumus
2377 2004 2572 2070 eciam
2633 2006 2699 2069 et
2742 2004 3020 2071 decerni-

529 2129 685 2189 mus,
734 2109 895 2193 quod
941 2109 1254 2193 presentes
1298 2107 1546 2190 plenam
1592 2105 1863 2171 validam
1909 2109 1975 2171 et
2017 2108 2377 2191 perpetuam
2410 2126 2481 2173 ac
2509 2109 2787 2188 eandem,
2829 2128 3016 2194 quam

532 2213 851 2290 haberent,
896 2213 949 2278 si
996 2231 1180 2296 super
1223 2211 1527 2276 universis
1572 2213 1636 2276 et
1680 2210 1947 2295 singulis
1992 2211 2056 2275 in
2104 2211 2193 2277 eis
2219 2212 2523 2279 contentis
2552 2214 2870 2279 sentencia
2899 2213 3019 2279 dif-

529 2316 771 2382 finitiva
839 2317 968 2383 lata
1029 2315 1227 2395 foret,
1286 2335 1406 2399 que
1452 2314 1624 2380 nulla
1670 2315 2088 2399 appellaeione
2149 2335 2443 2400 suspensa
2497 2316 2561 2382 in
2608 2336 2737 2382 rem
2786 2318 3016 2384 transi·

528 2421 722 2488 visset
743 2419 1107 2499 iudicatam,
1140 2419 1377 2486 roboris
1396 2418 1722 2487 obtineant
1743 2419 2106 2486 firmitatem
2140 2420 2424 2503 quodque
2457 2421 2587 2505 ipse
2617 2421 2715 2487 vel
2745 2422 2883 2508 (fol.
2911 2421 3017 2506 3')

529 2527 738 2611 aliqua
786 2527 1074 2594 contenta
1118 2526 1183 2591 in
1229 2527 1318 2592 eis
1370 2544 1478 2610 per
1534 2543 1926 2609 quoscunque
1973 2525 2167 2591 eciam
2208 2526 2427 2610 quavis
2475 2527 2852 2593 auctoritate
2901 2548 3011 2594 ne-

526 2635 758 2717 queant
818 2630 1133 2697 nllatenus
1200 2630 1551 2715 impugnari
1618 2648 1727 2696 nec
1794 2632 2090 2696 contenta
2156 2630 2504 2696 huiusmodi
2572 2632 2633 2696 in
2696 2636 2876 2697 tunm
2942 2652 3015 2699 ac

525 2736 771 2802 tuorum
819 2734 1136 2813 heredum,
1182 2752 1599 2800 successorum
1648 2734 1748 2800 vel
1792 2737 2182 2800 executorum
2231 2754 2304 2800 ac
2354 2753 2604 2801 causam
2641 2735 3009 2802 babencium

524 2840 620 2906 vel
670 2839 1095 2907 habiturorum
1142 2838 1552 2924 predictorum
1592 2838 2023 2923 preiudicium,
2070 2857 2404 2923 gravamen
2452 2843 2564 2905 aut
2606 2839 3010 2923 impedimen·

524 2945 659 3010 tum
705 2943 1129 3030 quodcumque
1173 2943 1565 3029 interpretari
1611 2962 1720 3009 seu
1765 2943 2069 3009 declarari
2114 2943 2211 3009 vel
2249 2948 2464 3010 contra
2494 2944 2627 3028 ipsa
2658 2964 2766 3011 seu
2798 2963 3004 3012 eorum

523 3048 770 3132 aliquod
817 3048 1303 3135 quibuscumque
1346 3048 1531 3114 titulo
1576 3047 1914 3124 coloribus,
1978 3048 2361 3128 racionibus,
2423 3048 2845 3115 occasionibus
2900 3068 3003 3115 seu

520 3153 724 3219 causis
769 3153 1299 3239 qualitercumque
1331 3153 1426 3218 vel
1457 3152 2023 3237 quomodocumque
2067 3152 2280 3236 aliqua
2327 3152 2471 3229 dici,
2516 3154 2787 3237 proponi,
2827 3154 3004 3232 obici,

519 3256 780 3343 allegari
821 3257 1282 3342 quomodolibet
1321 3256 1415 3322 vel
1463 3256 1686 3340 opponi
1731 3256 2115 3323 decernimus
2161 3256 2712 3324 constitucionibus
2755 3262 3000 3342 aposto·

520 3361 660 3429 licis
720 3380 827 3446 per
881 3381 990 3429 nos
1037 3360 1130 3427 vel
1189 3360 1435 3447 quosvis
1498 3361 1955 3445 predecessores
2020 3364 2259 3427 nostros
2324 3361 2629 3428 Romanos
2687 3362 3003 3445 pontifices

519 3465 842 3552 presertim
884 3465 1149 3551 quadam
1196 3484 1304 3550 per
1346 3485 1453 3533 nos
1503 3465 1709 3542 editis,
1757 3464 1932 3531 cuius
1977 3468 2250 3532 tenorem
2285 3466 2671 3550 presentibus
2714 3466 2791 3531 de
2824 3467 3004 3532 verbo

518 3571 596 3637 ad
645 3570 894 3638 verbum
939 3570 1125 3637 inseri
1169 3570 1427 3637 fecimus
1483 3589 1715 3637 necnon
1775 3588 2019 3636 camere
2082 3569 2357 3655 predicte
2415 3571 2706 3649 statutis,
2757 3570 3001 3637 ordina·

517 3675 795 3742 sionibus
839 3675 1380 3750 declaracionibus,
1429 3674 1659 3754 usibus,
1708 3674 2141 3753 observanciis,
2189 3675 2754 3755 consuetudinibus,
2814 3676 3005 3759 privi-

516 3780 700 3867 legiis
740 3783 803 3847 et
847 3780 1109 3847 indultis
1149 3779 1333 3846 dictis
1374 3798 1612 3847 camere
1665 3781 1729 3845 et
1792 3779 2053 3865 collegio
2114 3784 2227 3846 aut
2289 3779 2608 3864 quibusvis
2666 3779 2808 3845 aliis
2861 3798 2998 3864 per·

515 3886 681 3951 sonis
742 3885 1178 3952 ecclesiasticis
1239 3884 1334 3951 vel
1394 3884 1775 3951 secularibus
1838 3884 2427 3963 communitatibus,
2496 3883 2812 3951 ordinibus
2871 3884 2998 3951 sive

515 3990 665 4055 locis
711 3990 1010 4056 concessis
1055 3990 1149 4056 vel
1196 3989 1598 4074 imposterum
1646 3989 2051 4054 concedendis
2092 3991 2207 4056 sub
2250 4007 2635 4072 quacumque
2673 3987 2873 4055 forma
2904 3988 2998 4054 vel

513 4094 895 4178 expressione
952 4095 1310 4174 verborum,
1379 4093 1573 4161 eciam
1642 4094 1695 4159 si
1762 4093 1838 4159 de
1898 4093 2026 4159 illis
2085 4092 2176 4159 vel
2235 4112 2441 4160 eorum
2489 4093 2641 4160 totis
2682 4092 2997 4160 tenoribus

516 4217 746 4265 necnon
795 4199 1174 4278 nominibus,
1238 4198 1704 4283 cognominibus
1758 4199 1821 4263 et
1883 4197 2200 4263 ordinibus
2246 4197 2523 4263 habenda
2567 4197 2663 4262 vel
2717 4196 2997 4262 facienda

511 4305 672 4370 esset
719 4304 1104 4387 presentibus
1150 4303 1382 4369 mencio
1429 4302 1716 4387 specialis
1759 4320 1831 4367 ac
1877 4301 2019 4367 aliis
2064 4302 2391 4368 contrariis
2449 4320 2566 4366 non
2598 4301 2991 4367 obstantibus

509 4408 1013 4493 quibuscumque.
1089 4406 1218 4473 Nos
1262 4408 1424 4473 enim
1471 4425 1709 4474 exnunc
1752 4405 1827 4472 de
1874 4406 2146 4485 consilio,
2193 4406 2478 4484 sciencia,
2529 4408 2721 4480 motu,
2780 4408 2996 4472 aucto·

509 4514 698 4579 ritate
742 4516 805 4580 et
849 4510 1231 4594 plenitudine
1277 4511 1648 4595 supradictis
1694 4511 1940 4577 irritum
1985 4511 2370 4577 decernimus
2401 4511 2465 4576 et
2496 4511 2694 4589 inane,
2728 4510 2780 4575 si
2812 4528 2990 4576 secus

513 4660 771 4784 existit)
820 4659 953 4716 Von
986 4660 1254 4714 anderen·
1284 4660 1472 4714 Hand
1506 4661 1782 4715 dar-aber
1816 4661 2226 4729 qeschrieben.
2271 4687 2340 4698 —
2378 4659 2437 4725 b)
2478 4659 2834 4730 Korriqiere
2871 4677 2989 4716 aas
