3303 5013
1226 290 1358 351 und
1399 287 1956 365 Balachddunqen.
2712 266 2837 343 271

350 464 564 534 nuales
625 468 691 533 et
749 463 1144 550 quotidianas
1201 484 1309 549 pro
1371 465 1586 531 Missis
1644 466 2028 531 celebrandis
2077 468 2166 532 ita
2210 468 2458 534 demum
2504 467 2690 533 iidem
2740 486 2840 533 ac·

346 572 546 656 cipere
592 571 865 656 possint,
924 571 977 636 si
1023 570 1311 638 oneribus
1357 575 1543 637 antea
1587 569 1896 654 impositis
1939 570 2030 636 ita
2075 572 2523 651 satisfecerint,
2571 576 2643 637 ut
2689 590 2842 637 nova

345 695 583 760 quoque
655 695 841 742 onera
915 676 1221 759 suscipere
1299 676 1585 753 valeant,
1664 673 1935 757 alioquin
2011 676 2258 743 omnino
2331 677 2687 743 abstineant
2760 678 2838 742 ab

346 780 698 846 huiusmodi
746 780 1170 864 eleemosynis,
1218 779 1408 845 etiam
1456 781 1676 863 sponte
1705 779 1955 859 oblatis,
1980 780 2067 845 'in
2096 780 2377 847 futurum
2409 781 2837 867 recipiendis«.

344 885 427 950 Et
472 885 585 950 boc
630 902 961 951 consonum
1005 900 1139 951 esse
1184 883 1430 950 videtur
1472 883 1873 949 fundatorum
1922 885 2152 965 menti,
2219 889 2348 951 tum
2409 887 2557 970 quia
2616 886 2677 951 in
2741 886 2838 951 his

341 989 732 1055 stabiliendis
777 989 1007 1074 legatis
1054 989 1171 1072 piis
1219 1008 1336 1054 non
1383 988 1568 1054 aliter
1612 988 2017 1055 intenderunt
2061 989 2364 1074 implicite
2408 991 2506 1057 vel
2551 991 2838 1075 explicite

338 1094 652 1180 quandam
699 1094 1039 1178 portionem
1086 1113 1158 1159 ex
1201 1093 1508 1159 fructibus
1577 1092 2012 1159 fundationum
2064 1095 2360 1161 ecclesiae
2420 1095 2691 1161 fabricae
2738 1115 2835 1161 as·

339 1200 625 1284 signare,
689 1198 808 1265 nisi
861 1198 1173 1264 mediante
1234 1198 1561 1265 missarum
1616 1198 2026 1284 applicatione
2073 1200 2135 1264 in
2182 1199 2432 1279 eadem3
2492 1203 2627 1267 tum
2689 1201 2837 1284 qnia

339 1324 601 1387 semper,
648 1304 819 1369 iuxta
864 1303 1143 1382 effatum,
1190 1304 1299 1387 qui
1340 1302 1505 1387 prior
1550 1307 1647 1369 est
1691 1305 1967 1387 tempore
2014 1305 2214 1387 potior
2258 1305 2355 1370 est
2396 1304 2544 1370 iure.
2608 1306 2834 1390 Igitur,

342 1429 482 1475 cum
551 1409 865 1474 redituum
932 1409 1135 1493 portio
1205 1408 1391 1474 alicui
1460 1408 1777 1474 Ecclesiae
1837 1410 1913 1475 ob
1973 1409 2304 1474 Missarum
2355 1409 2833 1476 celebrationem

342 1513 663 1598 assignata
709 1512 1132 1579 consideretur
1187 1515 1507 1596 tamquam
1569 1513 1976 1578 accessorium
2038 1514 2286 1597 propter
2342 1513 2717 1597 principale,
2779 1515 2832 1580 si

343 1619 567 1683 missae
613 1617 909 1683 fundatae
954 1617 1031 1683 ob
1079 1617 1354 1700 aliquam
1399 1617 1635 1682 iustam
1681 1636 1930 1683 causam
1995 1617 2072 1683 ad
2134 1617 2328 1683 alium
2374 1618 2574 1684 locum
2621 1621 2827 1685 trans-

340 1722 695 1801 mittantur,
742 1724 988 1806 praeter
1032 1721 1346 1805 stipendia
1377 1722 1709 1787 missarum
1743 1722 1932 1807 (quod
1962 1723 2059 1787 est
2088 1722 2452 1807 principale)
2485 1723 2832 1790 transmitti

340 1829 529 1894 etiam
597 1828 783 1893 debet
842 1827 1044 1912 portio
1104 1846 1175 1892 ex
1241 1825 1626 1893 fundationis
1695 1825 2002 1895 fructibus
2060 1826 2312 1894 fabricis
2369 1846 2477 1894 seu
2525 1828 2832 1895 Ecclesiae

341 1932 645 1999 ministris
685 1932 1024 2016 assignata,
1065 1931 1229 2016 quod
1275 1933 1372 1998 est
1416 1931 1851 1999 accessorium.
1930 1930 2088 1998 Nam
2136 1932 2304 1999 valet
2347 1933 2706 2057 contractus
2751 1935 2832 2001 do

337 2044 411 2104 ut
450 2039 686 2121 faciae,
733 2037 880 2102 dum
929 2037 1306 2102 contrarium
1357 2056 1472 2101 non
1520 2040 1785 2104 constat.

542 2175 661 2242 Sed
724 2196 757 2240 e
818 2195 1107 2241 converso
1172 2177 1234 2240 in
1300 2176 1581 2242 themate
1639 2175 1848 2241 favore
1909 2176 2391 2259 supplicantium
2440 2177 2829 2244 animadver-

335 2280 594 2345 tendum
650 2282 745 2345 est
801 2279 1018 2345 bonam
1080 2279 1263 2344 fidem
1325 2279 1450 2344 illis
1518 2279 1851 2364 suffragari
1920 2284 1991 2345 ut
2055 2280 2563 2347 condonationem
2629 2282 2828 2365 quoad

337 2386 741 2467 praeteritum
800 2388 1274 2468 consequantur,
1338 2386 1426 2450 uti
1489 2385 1718 2467 passim
1777 2384 1839 2451 S.
1890 2387 1957 2452 C.
2008 2384 2233 2469 Congr.
2281 2385 2606 2471 indulgere
2651 2386 2825 2465 solet,

336 2490 386 2554 si
429 2489 530 2573 pia
571 2509 757 2574 opera
799 2489 1032 2573 absque
1080 2489 1262 2574 eulpa
1326 2510 1444 2555 non
1498 2488 1746 2555 fuerant
1807 2488 2100 2574 impleta,
2157 2510 2350 2575 neque
2416 2492 2698 2576 superest
2756 2513 2826 2558 ex

332 2614 452 2679 quo
500 2594 742 2678 impleri
788 2595 1043 2678 possint.

542 2734 611 2798 In
672 2735 897 2816 puncto
955 2735 1168 2798 autem
1221 2732 1699 2816 dispensationis
1767 2733 1963 2816 quoad
2029 2734 2306 2798 futurum
2375 2734 2820 2800 advertendum

330 2840 426 2902 est
470 2837 639 2903 Trid.
687 2837 910 2923 Synod.
959 2837 1119 2902 Sess,
1153 2837 1239 2902 23
1284 2855 1416 2920 cap.
1448 2839 1487 2900 6
1519 2836 1594 2901 de
1631 2835 1798 2913 Ref.;
1850 2837 1926 2903 Η.
1958 2835 2021 2906 S.
2056 2836 2125 2901 C.
2159 2836 2342 2904 Cone.
2375 2838 2440 2901 in
2472 2837 2818 2904 Taurino-n.

335 2947 391 3008 1.
437 2943 678 3008 Martii
724 2948 919 3020 1877,
981 2946 1046 3007 et
1109 2942 1380 3008 Lucana
1443 2946 1539 3009 14.
1591 2940 1956 3008 Decembris
2002 2947 2173 3008 1893
2234 2961 2344 3007 nos
2390 2942 2677 3020 edocere,
2741 2942 2817 3008 ad

335 3044 664 3112 voluntatis
708 3047 1250 3112 commutationem
1302 3045 1749 3110 concedendam
1800 3047 2141 3129 generatim
2187 3045 2570 3112 sufficientes
2601 3066 2824 3113 causas

333 3167 464 3214 esse
503 3153 923 3218 necessitatem
966 3151 1063 3217 vel
1108 3152 1447 3217 evidentem
1495 3150 1805 3216 Ecclesiae
1850 3152 2205 3230 utilitatem,
2254 3152 2515 3218 maxime
2557 3151 2609 3217 si
2652 3171 2820 3217 com-

330 3254 592 3320 mutatio
638 3255 979 3321 voluntatis
1026 3256 1214 3320 fuerit
1256 3258 1684 3339 temporaneam
1733 3274 1925 3339 neque
1972 3274 2111 3321 raro
2157 3257 2465 3340 contingit
2502 3259 2571 3320 ut
2601 3257 2814 3340 legata

326 3359 430 3442 pia
472 3377 578 3423 seu
621 3361 848 3424 missae
894 3360 1268 3425 reducantur
1312 3362 1421 3424 aut
1470 3358 1945 3442 suspendantur,
1992 3360 2238 3445 quando
2286 3361 2553 3444 prospici
2596 3361 2822 3427 debeat

321 3462 541 3546 templi
591 3465 963 3547 reparationi
1014 3466 1125 3528 aut
1172 3463 1456 3528 domibus
1501 3464 1876 3529 beneficiarii
1922 3463 2180 3548 aliisque
2230 3465 2663 3531 beneficiorum
2713 3484 2820 3530 ne-

323 3566 755 3645 cessitatibus,
822 3571 891 3633 ut
944 3587 1129 3652 penes
1181 3567 1244 3635 S.
1288 3567 1354 3633 C.
1414 3567 1599 3635 Conc.
1664 3568 1726 3632 in
1789 3571 2123 3637 Viterbien.
2172 3572 2234 3634 2.
2284 3569 2494 3634 Martii
2548 3570 2712 3635 1765
2756 3572 2821 3636 et

326 3672 529 3750 1874;
572 3673 634 3737 in
683 3673 1001 3750 Leodien„
1052 3672 1153 3736 18.
1201 3671 1356 3736 Maii
1408 3672 1614 3750 177o;
1662 3673 1724 3739 in
1774 3674 2181 3758 Syracusana
2229 3675 2289 3738 8.
2330 3673 2502 3739 Febr.
2540 3675 2708 3739 1773
2753 3677 2820 3740 et

323 3777 575 3860 passim.
661 3776 754 3843 Ob
815 3777 1119 3842 Ecclesiae
1179 3775 1522 3842 utilitatem
1592 3798 1709 3843 non
1773 3778 1979 3843 reduci
2039 3781 2288 3843 tantum
2350 3778 2457 3843 sed
2519 3778 2817 3862 supprimi

326 3881 512 3946 etiam
573 3883 904 3946 missarum
967 3900 1155 3946 onera
1222 3883 1429 3946 monet
1501 3883 1869 3948 Amostazus
1937 3880 2034 3949 De
2093 3884 2307 3949 causis
2355 3884 2496 3965 piis
2547 3883 2686 3949 libr.
2753 3889 2813 3951 1.

327 4003 458 4066 cap.
504 3990 590 4052 14
625 4006 689 4052 n.
739 3991 795 4050 1.
860 3985 941 4050 Et
979 3985 1199 4052 merito
1240 3986 1526 4071 quidem;
1572 3990 1719 4067 quia
1766 3988 1916 4052 baec
1963 3988 2293 4053 missarum
2326 3987 2538 4072 legata
2570 3989 2814 4071 praeter

323 4089 622 4154 rationem
665 4090 983 4172 suffragii,
1044 4089 1276 4155 habent
1332 4090 1633 4156 rationem
1680 4092 2103 4177 eleemosynae
2149 4095 2212 4158 et
2256 4092 2518 4158 subsidii
2564 4112 2671 4176 pro
2717 4111 2816 4159 ec-

324 4192 542 4259 clesiae
590 4194 1060 4260 necessitatibus
1105 4198 1170 4260 et
1216 4194 1543 4264 ministris.

530 4331 739 4412 Unde,
802 4350 943 4398 cnm
1002 4331 1066 4398 in
1128 4352 1276 4399 casu
1343 4354 1459 4399 non
1507 4335 1734 4418 agatur
1778 4334 1900 4398 nisi
1946 4334 2022 4399 de
2069 4336 2335 4420 quadam
2384 4339 2658 4420 portione
2705 4339 2808 4403 de·

320 4434 626 4500 trahenda
686 4438 967 4521 quamvis
1023 4438 1181 4503 inibi
1259 4439 1487 4504 Missae
1559 4458 1679 4505 non
1751 4439 2243 4518 celebrarentur,
2322 4441 2414 4506 uti
2494 4441 2811 4525 hucusque

323 4539 555 4606 factum
594 4543 713 4618 est,
761 4544 824 4607 in
870 4542 1213 4608 subsidium
1262 4543 1453 4609 divini
1499 4544 1727 4623 cultus,
1781 4544 2226 4624 ministrorum,
2290 4563 2627 4629 pauperum
2669 4544 2810 4622 loci,

321 4644 702 4731 aliarumque
748 4647 1165 4731 spiritualium
1217 4647 1657 4714 necessitatum
1701 4649 1776 4713 ob
1826 4649 2229 4732 parochorum
2274 4649 2704 4731 impotentiam
2737 4669 2811 4714 ea
