3303 5013
1198 322 1333 376 und
1371 319 1929 387 Entscheidunyen.
2687 301 2814 370 683

325 498 548 583 yravis
612 493 1189 578 archiepiscopatus
1253 493 1648 561 Oantuariae
1716 494 1858 561 visa
1924 498 2014 560 est
2070 512 2259 576 super
2330 514 2428 561 me
2495 494 2812 563 cecidisse.

327 602 515 686 Quod
554 602 854 685 iynorare
916 601 1325 682 nequiverunt
1366 599 1471 665 illi
1518 601 1645 682 qui,
1710 621 1788 666 ea
1848 599 1971 677 die,
2034 599 2274 666 vultum
2330 621 2536 667 meum
2597 601 2810 687 inspe-

325 711 570 773 xerunt.
606 757 618 772 .
655 756 668 771 .
705 754 721 769 .
770 703 911 788 Eyo
954 705 1160 786 mayis
1202 710 1446 771 mortuo
1489 725 1682 789 quam
1725 703 1956 772 viventi
1999 704 2198 771 colore
2236 704 2506 785 siusili&
2562 710 2815 787 stupore

325 817 382 877 et
447 810 656 877 dolore
711 809 1050 893 pollebam.
1140 808 1318 876 Huic
1377 816 1582 877 autem
1639 809 1720 875 de
1774 830 1874 876 me
1930 809 2236 890 electiom,
2296 813 2424 876 imo
2483 810 2815 877 violentiae

324 916 645 994 hactenus,
694 922 996 998 quantum
1011 913 1215 997 potui,
1264 920 1515 981 servata
1556 916 1838 993 veritate,
1885 913 2233 981 reluctatus
2268 934 2425 980 sum.
2489 913 2618 980 Sed
2658 914 2809 995 iam,

323 1020 509 1087 velim
548 1020 765 1099 nolim,
809 1039 994 1103 coyor
1034 1021 1230 1099 fateri
1272 1022 1427 1102 quia
1471 1020 1744 1102 quotidie
1784 1019 2027 1087 iudicia
2065 1019 2197 1086 Dei
2241 1018 2446 1102 mayis
2487 1039 2564 1085 ac
2603 1020 2811 1102 mayis

323 1126 574 1191 conatui
617 1145 749 1191 meo
797 1125 1119 1203 resistunt,
1178 1130 1245 1191 at
1289 1124 1463 1190 nullo
1509 1126 1692 1191 modo
1753 1125 2002 1191 videam
2058 1144 2157 1190 me
2215 1145 2293 1191 ea
2341 1144 2531 1206 posse
2568 1124 2807 1208 swyere.

336 1230 512 1298 Unde
566 1232 720 1310 iam,
790 1249 915 1295 non
978 1235 1109 1296 tam
1152 1229 1480 1296 hominum
1545 1251 1735 1315 qaam
1777 1231 1931 1307 Det,
2000 1235 2219 1297 eontra
2279 1250 2466 1313 quam
2529 1249 2658 1296 non
2722 1234 2814 1296 est

311 1335 685 1417 prudentia,
730 1336 931 1401 victus
974 1335 1289 1411 violentia,
1333 1335 1447 1402 hoc
1489 1335 1621 1402 solo
1666 1335 1953 1419 intelligo
1990 1356 2087 1401 me
2129 1336 2222 1400 uti
2265 1333 2483 1401 debere
2526 1333 2810 1412 oonsilio,

322 1445 407 1517 ut,
443 1446 778 1522 postquam
833 1441 1016 1506 oravi
1054 1445 1355 1523 quantum
1378 1440 1584 1523 potui,
1646 1445 1709 1507 et
1752 1445 2014 1506 conatus
2069 1460 2212 1505 sum
2253 1443 2341 1519 ut,
2411 1439 2474 1504 si
2501 1437 2812 1521 possibile

324 1550 499 1622 esset,
549 1544 722 1610 calix
762 1547 883 1610 iste
921 1546 1222 1610 transiret
1266 1567 1308 1611 a
1353 1566 1449 1610 me
1489 1565 1568 1610 ne
1611 1544 1874 1610 biberem
1920 1543 2102 1610 illam
2140 1591 2156 1608 .
2203 1594 2221 1610 .
2270 1593 2286 1609 .
2330 1563 2537 1608 meum
2564 1561 2813 1609 sensum

322 1655 382 1715 et
424 1648 796 1715 voluntatem
833 1654 1225 1731 posqoonens,
1283 1670 1381 1716 me
1422 1651 1636 1716 sensui
1697 1655 1755 1716 et
1810 1648 2115 1715 voluntati
2157 1646 2285 1713 Dei
2328 1647 2592 1730 penitus
2644 1665 2809 1711 com·

321 1753 588 1820 mittam.

531 1865 661 1931 Nec
718 1865 901 1949 plane
959 1865 1342 1949 repugnandi
1387 1884 1632 1945 causae,
1696 1865 1932 1931 multae
1988 1866 2052 1931 et
2096 1863 2416 1943 maximae,
2480 1862 2812 1928 defuerunt

326 1969 537 2035 Nobis.
628 1970 1070 2053 Praeterquam
1129 1970 1294 2035 enim
1337 1970 1499 2054 quod
1559 1971 1788 2036 honore
1827 1970 2243 2054 pontificatus,
2314 1969 2391 2034 ob
2436 1967 2807 2035 tenuitatem

325 2073 638 2152 Nostram,
708 2074 881 2140 nullo
947 2077 1125 2158 pacto
1188 2075 1318 2141 Nos
1378 2074 1820 2160 dignaremur3
1888 2093 2072 2160 quem
2118 2091 2238 2140 nou
2296 2074 2572 2139 moveret
2627 2072 2683 2136 ei
2744 2088 2810 2136 se

324 2196 735 2244 successorem
782 2178 1116 2263 designari,
1164 2180 1289 2263 qui,
1355 2199 1496 2246 oum
1542 2179 1866 2246 ecclesiam
1913 2198 2017 2245 sex
2060 2178 2190 2244 fere
2237 2197 2308 2244 ac
2353 2177 2574 2262 viginti
2619 2194 2810 2242 annos

322 2281 778 2366 sapientissime
823 2284 1098 2363 rexisset,
1147 2288 1327 2352 tanta
1369 2285 1566 2351 valuit
1611 2285 1936 2352 alacritate
1983 2284 2238 2369 ingenii,
2284 2284 2460 2350 tanto
2508 2282 2808 2348 virtutum

324 2387 598 2451 omnium
634 2386 978 2470 splendore,
1025 2391 1098 2454 ut
1140 2388 1241 2454 vel
1279 2389 1664 2457 adversarios
1709 2391 1775 2456 in
1821 2388 1917 2454 sui
1959 2389 2433 2456 admirationem
2464 2385 2811 2454 traduxerit

323 2492 387 2557 et
434 2491 790 2559 memoriam
829 2492 925 2559 sui
971 2493 1232 2560 nominis
1278 2494 1466 2561 factis
1513 2493 2023 2579 praeclarissimis
2055 2492 2476 2560 consecrarit?
2517 2530 2584 2542 -
2626 2488 2806 2571 Dein,

322 2598 393 2662 ut
439 2598 893 2680 praetereamus
940 2599 1162 2677 cetera,
1226 2600 1504 2666 terrebat
1548 2600 1693 2679 Nos,
1749 2617 1934 2683 quam
1983 2597 2144 2682 quod
2192 2597 2472 2674 maxime,
2535 2614 2608 2662 ea
2652 2614 2808 2680 quae

324 2700 501 2766 modo
547 2703 644 2767 est
688 2702 946 2767 humaui
991 2703 1232 2786 generis
1285 2703 1556 2770 conditio
1596 2703 2027 2770 afflictissime.
2118 2702 2316 2785 Quem
2377 2700 2544 2767 euim
2590 2700 2808 2779 lateat,

321 2805 834 2872 consociationem
876 2806 1190 2872 bominum
1238 2808 1607 2892 gravissimo
1661 2825 1840 2886 nunc,
1901 2825 2088 2891 supra
2132 2806 2500 2891 praeteritas
2545 2807 2804 2883 aetates,

322 2912 507 2994 atque
551 2910 773 2975 intimo
817 2910 1025 2996 urgeri
1064 2912 1310 2991 morb03
1356 2914 1458 2998 qui
1505 2912 1568 2976 in
1618 2912 1747 2978 dies
1790 2912 2224 2997 ingravescens
2268 2928 2527 2994 eamque
2558 2909 2808 2993 penitus

322 3014 581 3079 exedens
638 3014 715 3079 ad
761 3016 1017 3081 exitium
1063 3016 1275 3100 rapit?
1363 3017 1615 3084 Morbus
1664 3017 1769 3102 qui
1823 3018 1926 3095 sit,
1984 3013 2361 3099 intelligitis,
2411 3012 2808 3079 Venerabiles

321 3120 603 3195 Fratres3
651 3120 914 3186 defectio
946 3119 1370 3204 abscessioque
1401 3139 1439 3186 a
1472 3121 1629 3187 Deo:
1679 3140 1798 3205 quo
1836 3119 1994 3186 nibil
2042 3118 2314 3202 profecto
2358 3137 2498 3184 cum
2541 3117 2807 3202 pernicie

322 3224 727 3304 coniunctiuS,
770 3224 1106 3290 seeundum
1158 3224 1502 3309 Prophetae
1547 3224 1782 3292 dictum
1809 3227 1891 3309 ¹):
1957 3226 2127 3308 Quia
2171 3244 2321 3303 ecee,
2366 3224 2478 3308 qui
2515 3222 2808 3307 elongant

320 3351 388 3396 se
431 3352 473 3396 a
510 3336 587 3409 te,
624 3330 941 3412 peribunt.
1033 3329 1233 3395 Tanto
1294 3330 1490 3415 igitur
1531 3329 1715 3408 malo,
1774 3347 1882 3413 pro
1944 3328 2282 3413 pontificali
2343 3345 2596 3393 munere
2642 3326 2804 3411 quod

320 3433 829 3512 demandabatur,
863 3434 1306 3502 occurrendum
1338 3453 1473 3500 esse
1499 3434 1693 3500 Nobis
1723 3434 2115 3505 videbamus:
2147 3431 2609 3499 arbitrabamur
2641 3431 2804 3497 enim

322 3537 440 3603 Dei
482 3538 715 3604 iussum
778 3539 857 3603 ad
912 3557 1020 3604 uos
1067 3539 1409 3622 pertinere:
1474 3539 1637 3606 Ecce
1693 3540 1986 3607 constitui
2027 3544 2084 3605 te
2125 3539 2309 3605 hodie
2364 3559 2558 3622 super
2583 3544 2808 3623 yentes

320 3649 377 3709 et
430 3664 617 3728 saper
673 3664 894 3730 reyna,
957 3651 1026 3711 ut
1082 3644 1315 3712 evellas
1373 3650 1431 3711 et
1489 3644 1813 3722 destruas,
1877 3649 1934 3710 et
1991 3643 2281 3728 aedifices
2338 3649 2395 3709 et
2452 3643 2700 3726 plantes
2716 3643 2804 3726 ²);

324 3768 532 3815 verum
581 3749 808 3816 conscii
843 3749 1038 3817 Nobis
1069 3748 1455 3815 infirmitatis
1490 3749 1777 3828 Nostrae,
1822 3749 2161 3834 negotium,
2207 3749 2371 3832 quod
2418 3746 2572 3813 nihil
2616 3746 2805 3813 simul

324 3852 579 3920 haberet
622 3872 829 3920 morae
876 3855 939 3920 et
984 3852 1378 3920 difficultatis
1422 3853 1784 3938 plurimum,
1830 3853 2138 3938 suscipere
2185 3853 2566 3920 verebamur.
2691 3923 2702 3937 ,

530 3975 845 4055 Attamen,
892 3976 1181 4061 quoniam
1229 3976 1469 4042 numini
1514 3976 1721 4042 divino
1761 3975 1997 4059 placuit
2042 3975 2465 4042 humilitatem
2508 3975 2804 4041 Nostram

323 4078 401 4142 ad
450 4078 608 4146 banc
652 4080 1128 4163 amplitudinem
1176 4081 1502 4166 potestatis
1548 4081 1916 4166 provehere;
1964 4081 2261 4167 erigimus
2302 4079 2579 4147 animum
2623 4081 2694 4147 in
2737 4101 2806 4147 eo

322 4185 432 4268 qui
475 4183 604 4250 Nos
645 4185 971 4268 confortat,
1015 4186 1253 4271 Deique
1293 4185 1527 4253 virtute
1573 4187 1717 4253 freti
1760 4206 2008 4253 manum
2059 4186 2229 4270 operi
2275 4184 2692 4264 admoventes,
2741 4184 2803 4250 in

322 4287 589 4373 gerendo
636 4289 1000 4372 pontificatu
1046 4291 1159 4357 boc
1202 4310 1391 4358 unum
1439 4291 1824 4358 declaramus
1866 4291 2250 4377 propositum
2290 4289 2658 4372 essessNobis
2703 4290 2804 4356 in-

319 4399 615 4461 staurare
658 4396 871 4461 omnia
912 4396 988 4462 in
1033 4396 1286 4463 Christo
1302 4400 1372 4476 ⁸),
1434 4400 1506 4463 ut
1561 4396 1851 4463 videlieet
1907 4397 1995 4463 sit
2052 4396 2268 4464 omnia
2310 4401 2369 4463 et
2407 4396 2483 4462 in
2522 4395 2807 4461 omnious

321 4497 615 4566 Christus
628 4499 703 4584 ⁴).
756 4536 834 4546 —
884 4500 1084 4566 Erunt
1130 4500 1400 4583 profecto
1444 4501 1571 4586 qui,
1640 4501 1853 4568 divina
1899 4500 2187 4568 humanis
2233 4498 2583 4579 metientes,
2644 4516 2803 4582 quae

529 4709 580 4780 1)
617 4709 705 4764 Pe.
738 4707 966 4778 LXXII,
991 4708 1076 4767 2¹7.
1113 4740 1180 4751 --
1215 4710 1271 4783 2)
1294 4710 1489 4769 Ierem.
1513 4711 1557 4780 1,
1582 4709 1668 4770 10.
1690 4739 1759 4752 —-
1782 4712 1841 4783 3)
1867 4711 2065 4783 Ephes.
2086 4711 2131 4779 1,
2157 4710 2240 4767 10.
2267 4735 2330 4751 -·
2355 4708 2559 4768 colons.
2582 4707 2691 4777 111,
2719 4706 2804 4765 11.
