3303 5013
564 265 695 336 ‘500
1399 288 1754 345 Krrcmcne
1792 288 2199 345 Amen-nacke

772 459 872 525 Ad
923 459 953 524 Ι
998 463 1062 526 et
1108 461 1192 525 II.
1258 463 1661 548 Affirmative
1705 459 1795 527 ad
1834 462 2119 544 primam
2154 467 2449 543 parum,-
2498 462 2788 546 noyativo
2829 462 2922 528 ad
2960 479 3068 526 se·

568 565 857 631 eandam.

772 668 871 734 Ad
920 668 1035 736 111.
1109 669 1187 738 Si
1230 676 1440 738 altare
1482 673 1697 754 majus
1738 690 1869 737 non
1899 671 2260 754 prospiciat
2302 671 2580 753 chorum,
2628 670 3074 754 estimatio&

565 793 747 841 secus
787 778 1110 859 nyctim,-
1154 781 1214 841 et
1252 776 1625 843 consuetudo
1669 775 1993 843 abolenda.

771 880 868 944 Ad
911 878 1024 947 IV.
1069 879 1474 965 Affirmative
1517 880 1610 945 ad
1632 882 1921 963 primam
1939 885 2228 961 parterm·
2270 880 2551 962 neqative
2581 878 2672 945 ad
2696 880 3064 947 amandam,

768 983 975 1066 Atque
1021 983 1114 1048 ita
1157 983 1498 1066 rescripsit.

772 1086 883 1152 Die
930 1086 1032 1155 14.
1073 1085 1359 1154 Januarii
1410 1086 1600 1155 1898.

627 1414 691 1482 8.
760 1415 1191 1484 Absolution
1237 1432 1374 1484 von
1420 1415 1980 1485 Klosterfrauen
2022 1434 2151 1485 aus
2190 1415 2350 1485 dem
2393 1415 2678 1485 dritten
2720 1415 2984 1485 Orden.

766 1575 823 1637 A
900 1571 1303 1638 Coniessariis
1375 1571 1763 1657 quorundam
1858 1572 2380 1639 Monasteriorum
2465 1571 3060 1639 Sanctimonialium

560 1676 753 1744 Tertii
801 1676 1049 1743 Ordinis
1094 1676 1157 1740 in
1202 1675 1666 1742 Archidioecesi
1718 1676 2085 1743 Bononiensi
2131 1676 2527 1743 existentium
2578 1677 2723 1743 huic
2774 1676 2841 1745 8.
2897 1677 3067 1743 Οοιι-

562 1781 913 1867 gregationi
943 1779 1363 1865 Indulgentiis
1396 1778 1721 1864 Sacrisque
1755 1780 2058 1865 Reliquiis
2086 1782 2471 1865 praepositae
2502 1799 2766 1866 sequens
2797 1781 3067 1848 dubium

561 1885 939 1972 propositum
980 1884 1135 1950 fuit:

764 1987 1279 2056 Sanctimoniales
1352 1987 1698 2055 Tertiariae
1775 1988 2041 2056 alicuius
2119 1988 2373 2055 Ordinis
2438 1989 2805 2072 Regularis,
2869 1991 3064 2075 juris·

556 2094 815 2160 dictioni
856 2093 1141 2177 Episcopi
1186 2093 1524 2172 subiectae,
1571 2112 1730 2177 quae
1776 2092 1874 2158 ius
1920 2093 2154 2159 habent
2197 2094 2278 2159 ad
2320 2093 2621 2179 quasdam
2669 2113 2907 2160 annuas
2949 2097 3064 2162 ab·

556 2198 893 2265 solutiones
933 2196 1254 2282 generales
1292 2199 1357 2262 et
1388 2196 1847 2263 benedictiones
1877 2198 2249 2282 apostolicas
2280 2197 2724 2282 suscipiendas,
2752 2199 3058 2266 debentne

558 2301 912 2367 huiusmodi
994 2300 1232 2366 favores
1315 2300 1675 2384 spirituales
1762 2301 2041 2368 obtinere
2130 2302 2471 2368 ministerio
2537 2303 2901 2369 confessarii
2978 2304 3053 2370 ab

565 2405 864 2490 Episcopo
903 2404 1241 2490 adsignati,
1295 2406 1407 2468 aut
1450 2424 1562 2488 ope
1611 2404 1910 2490 Religioni
1955 2407 2053 2472 vel
2100 2406 2437 2473 sacerdotis
2481 2408 2820 2474 saecularis
2867 2409 3052 2493 depu-

561 2512 680 2578 tati
727 2530 766 2577 a
810 2510 1119 2595 superiore
1165 2508 1416 2576 Ordinis
1460 2510 1840 2593 respectivi?
2863 2534 2870 2541 ·

763 2614 824 2683 S.
869 2614 1285 2700 Congregatio
1326 2613 1813 2698 respondendum
1862 2614 2217 2685 mandavit:

764 2720 1159 2786 Affirmative
1205 2718 1406 2802 quoad
1457 2727 1572 2786 1⁸¹³
1616 2721 1880 2804 partem,
1936 2719 2222 2805 negative
2267 2720 2344 2786 ad
2391 2722 2530 2788 2⁸¹¹.

767 2843 995 2908 Datum
1056 2842 1286 2908 Romae
1345 2861 1416 2908 ex
1460 2842 1693 2908 Se.cria
1737 2841 2014 2907 eiusdem
2060 2840 2122 2907 S.
2169 2841 2393 2927 Congr.
2435 2843 2534 2909 die
2582 2844 2685 2911 11.
2737 2841 3042 2910 Februarii

558 2947 748 3015 1903.

1350 3052 1437 3118 A.
1481 3050 1665 3119 Card.
1717 3051 1998 3134 fflpepi,
2046 3051 2252 3119 Praef.

730 3156 798 3221 L.
829 3153 872 3240 †
902 3153 964 3221 S.
1142 3153 1185 3240 †
1229 3156 1614 3223 Franciscus
1656 3155 1913 3240 Soyaro,
1963 3156 2274 3241 Arcbiep.‚
2317 3157 2627 3237 Amidam,
2676 3156 2950 3224 sectius.

554 3524 623 3589 9.
669 3520 1263 3603 Unterbrechung
1308 3519 1431 3588 des
1476 3520 1836 3589 Novitiats
1877 3522 1983 3588 im
2026 3520 2434 3590 weltllchen
2476 3520 2762 3591 dritten
2792 3520 3043 3590 Ordou-

764 3678 1115 3745 Moderator
1168 3678 1491 3744 cuiusdam
1552 3678 2063 3763 congregationis
2120 3679 2317 3745 Tertii
2386 3677 2634 3746 Ordinis
2696 3678 3048 3746 Saecularis

553 3781 618 3851 S.
666 3784 976 3849 Francisci
1026 3783 1169 3850 huic
1214 3780 1276 3849 8.
1323 3781 1807 3867 congregationi
1864 3782 2401 3866 Indulgentiarum
2463 3801 2723 3868 sequens
2787 3783 3040 3849 dubium

556 3887 968 3953 dirimendum
1017 3887 1375 3972 proposuit:

761 3993 860 4056 An
906 3993 1395 4076 interrumpatur
1427 3990 1769 4057 novitiatus
1815 3991 2011 4057 Tertii
2058 3990 2309 4057 Ordinis
2354 3991 2704 4058 Saecularis
2751 3991 2816 4059 8.
2851 3992 3040 4058 Fran-

553 4095 721 4169 cisci,
766 4097 819 4161 si
859 4096 997 4179 quis
1044 4095 1348 4172 habitum,
1395 4096 1456 4160 id
1503 4099 1598 4161 est
1643 4094 1965 4179 scapulare
2005 4114 2145 4160 cum
2191 4094 2460 4180 cingulo,
2514 4096 2748 4180 absque
2796 4097 3040 4181 dispen-

550 4200 813 4275 satione,
860 4200 1207 4283 deposuerit
1253 4202 1382 4267 sive
1427 4220 1499 4266 ex
1543 4200 1849 4266 oblivione
1894 4199 2023 4265 sive
2068 4218 2142 4265 ex
2188 4199 2593 4285 negligentia,
2639 4200 2771 4267 sive
2816 4220 2890 4266 ex
2925 4201 3039 4266 im·

556 4303 969 4388 possibilitate
984 4305 1017 4368 Ρ

759 4408 950 4472 Porro
1005 4408 1218 4473 eadem
1271 4406 1336 4476 S.
1384 4407 1837 4492 Congregatio,
1897 4407 2111 4474 audito
2167 4408 2606 4476 Consultorum
2664 4412 2843 4486 voto,
2904 4427 3032 4495 pro-

554 4510 753 4590 posito
798 4510 984 4575 dubio
1029 4510 1516 4592 respondendum
1557 4511 1915 4577 mandavit:

759 4614 1058 4695 Neyative
1076 4660 1092 4690 ‚
1140 4614 1193 4677 si
1237 4631 1308 4676 ex
1353 4613 1658 4680 oblivione
1706 4614 1802 4679 vel
1846 4615 2388 4699 impossibilitat03
2447 4617 2500 4682 si
2547 4635 2690 4683 vero
2730 4634 2803 4683 ex
2842 4615 3030 4702 negli-
