3303 5013
542 269 666 333 708
1392 285 1735 358 Ip'irchliche
1777 283 2180 340 Aklenetssclre

543 455 873 522 Pontifices
931 456 1020 521 ita
1060 454 1452 538 interpretati
1513 456 1660 520 suut
1700 455 2122 520 Tridentinam
2173 454 2372 539 legem
2444 460 2513 521 ut
2558 454 2793 536 quoties
2822 474 3025 536 paro-

537 561 905 627 chianorum
955 581 1250 626 numerus
1291 563 1533 637 30,000
1576 561 1852 639 excedat,
1898 562 2066 641 ipsis
2096 581 2221 642 per
2247 579 2444 625 novae
2463 558 2817 640 parochiae
2856 577 3024 624 erec·

536 667 761 731 tionem
799 664 1179 732 consulatur.
1274 663 1577 729 Patronus
1635 665 1852 730 recolit
1905 662 2420 729 Constitutionem
2484 662 2581 727 Pii
2626 661 2730 727 VI.
2801 663 3034 746 »Quod

538 770 954 852 aliquantam,
1000 769 1129 833 diei
1164 770 1245 834 10
1289 769 1512 835 martii
1557 773 1765 835 1791«
1832 788 1953 853 qua
1999 768 2281 834 Pontifex
2342 767 2640 845 declarat,
2701 766 3029 850 parochias

540 874 697 938 vires
744 872 927 937 unius
973 873 1221 956 parochi
1256 872 1541 939 excedere
1587 892 1726 938 curn
1773 872 2051 938 sexmille
2084 871 2488 955 parochianos
2533 873 2908 948 contineant,
2952 889 3030 935 ac

540 979 712 1044 iubet
757 996 971 1043 novam
1020 977 1373 1060 parochiam
1421 976 1598 1061 erigi.

745 1081 864 1146 His
931 1082 1265 1147 theoretice
1332 1081 1690 1147 constitutis
1758 1081 2049 1164 patronus
2118 1082 2317 1159 notat,
2389 1081 2761 1148 hodiernam
2821 1081 3028 1146 iaris·

529 1186 941 1268 prudentiam
996 1203 1179 1268 quam
1244 1186 1503 1250 maxime
1551 1185 1980 1268 parochiarum
2041 1184 2442 1252 divisionibus
2501 1182 2726 1262 favere,
2791 1203 2916 1268 qua
2962 1187 3028 1248 in

539 1311 602 1355 re
648 1291 854 1373 plures
898 1290 1055 1354 citat
1100 1288 1324 1355 Sacrae
1370 1289 1882 1374 congregationis
1927 1288 2183 1355 Concilii
2231 1289 2570 1356 decisiones
2616 1290 2707 1355 ita
2752 1308 2807 1353 v.
2854 1307 2919 1373 g.
2950 1289 3027 1356 ,iu

536 1396 917 1476 Aquinatem
963 1398 1048 1460 17
1084 1392 1325 1459 Martii
1356 1397 1558 1475 18273
1601 1394 1665 1457 in
1710 1393 1940 1460 Comen
1986 1394 2025 1457 5
2076 1392 2206 1461 dec.
2251 1393 2448 1474 1750;
2495 1393 2754 1460 Nolana
2795 1392 2837 1457 3
2870 1394 3028 1460 sehr.

544 1499 729 1576 1758,
762 1502 878 1588 etc.
945 1498 1136 1563 Plura
1181 1497 1370 1563 etiam
1420 1497 1732 1563 habentur
1777 1497 2059 1580 exampla
2109 1497 2727 1563 dismembrationum
2773 1500 3031 1581 propter

537 1603 745 1687 populi
814 1621 1154 1678 numerum,
1225 1604 1296 1668 ut
1352 1601 1554 1668 videre
1613 1605 1710 1667 est
1774 1602 1836 1666 in
1897 1603 2283 1687 Sypontina3
2348 1602 2408 1667 in
2477 1603 2601 1668 ista
2645 1620 2834 1667 causa
2895 1602 3033 1668 diei

534 1712 622 1774 25
665 1707 826 1775 Jan.
870 1711 1044 1773 1879
1107 1707 1172 1771 in
1245 1725 1367 1789 qua
1429 1706 1587 1772 duae
1655 1724 1879 1771 causae
1947 1706 2360 1772 afferebantur
2427 1704 3017 1785 dismembrationis‚

539 1829 754 1894 nempe
815 1810 1116 1875 distantia
1160 1828 1319 1894 quae
1385 1829 1502 1875 non
1563 1809 1893 1874 excedebat
1964 1829 2153 1874 unum
2220 1809 2602 1887 milliarium,
2674 1814 2741 1875 et
2800 1814 3027 1875 auctus

539 1933 828 1979 uumerus
893 1914 1128 1992 20‚000
1196 1913 1553 1981 incolarum.
1624 1912 1761 1979 Imo
1824 1913 1998 1979 iuxta
2048 1913 2411 1980 hodiernam
2474 1913 3025 1997 iurisprudentiam

540 2039 656 2084 non
708 2019 904 2084 solum
955 2020 1199 2102 propter
1240 2017 1550 2083 Ecclesiae
1585 2018 2037 2093 necessitatem.
2084 2018 2186 2083 sed
2221 2018 2409 2083 etiam
2458 2023 2706 2101 propter
2744 2017 3023 2083 fidelium

539 2124 962 2190 tantammodo
1000 2123 1345 2189 utilitatem
1390 2121 1466 2187 ad
1518 2120 1947 2206 parochiarum
1995 2122 2357 2189 divisionem
2401 2122 2743 2190 devenitur.

746 2228 864 2293 His
908 2227 1262 2292 constitutis
1299 2230 1373 2292 in
1418 2226 1575 2305 iure,
1628 2228 1921 2311 patronus
1964 2228 2055 2293 ad
2089 2230 2249 2311 facti
2292 2227 2712 2311 quaestionem
2761 2227 3016 2293 descen-

539 2332 690 2397 dens
747 2332 867 2396 sibi
938 2330 1313 2414 probandum
1383 2332 1649 2397 assumit
1693 2332 1734 2396 l.
1804 2332 1869 2397 in
1929 2350 2076 2398 casu
2134 2332 2459 2399 canonicas
2519 2331 2735 2398 adesse
2805 2350 3026 2397 causas

539 2437 761 2522 quibus
806 2435 884 2501 ad
932 2434 1257 2519 parochiae
1300 2433 1362 2502 S.
1394 2434 1643 2501 Ioannis
1684 2436 1864 2519 Bapt.
1913 2435 1973 2500 in
2006 2435 2262 2502 civitate
2299 2438 2633 2523 Ragusana
2654 2436 3020 2502 divisionem

539 2541 934 2617 deveniatur3
982 2543 1040 2606 2.
1079 2539 1622 2623 Archiepiscopum
1672 2540 1736 2604 in
1780 2541 1898 2606 hac
1928 2541 2223 2608 divisione
2251 2541 2607 2627 peragenda
2649 2542 2825 2607 iuxta
2872 2541 3025 2606 iuris

540 2645 1046 2730 praescriptiones
1120 2644 1507 2727 processisse.
1567 2682 1650 2692 —
1702 2644 1916 2728 Quoad
1979 2646 2246 2729 primum
2307 2650 2601 2730 patronus
2652 2663 2788 2712 sese
2833 2646 3027 2710 refert

540 2750 615 2815 ad
668 2748 1126 2832 Archiepiscopi
1190 2746 1559 2833 Syracusani
1627 2751 1998 2815 sententiam
2067 2752 2131 2816 in
2200 2770 2322 2834 qua
2383 2750 2732 2817 huiusmodi
2796 2768 3025 2815 causae

540 2855 711 2919 iuxta
740 2854 937 2918 allata
967 2853 1335 2919 documenta
1366 2853 1819 2920 describuntur.
1900 2855 1983 2920 Et
2026 2855 2224 2938 primo
2263 2855 2461 2939 quoad
2494 2858 2733 2921 statum
2783 2854 3022 2920 viarum

541 2958 822 3033 refertur,
872 2957 1002 3022 vias
1049 2955 1334 3021 difficiles
1379 2975 1512 3022 esse
1549 2975 1657 3039 per
1702 2958 1902 3022 totum
1935 2957 2289 3024 districtum
2325 2958 2649 3041 parochiae
2693 2959 3027 3044 erigendae

540 3081 730 3146 usque
789 3061 866 3125 ad
939 3061 1282 3144 parochiam
1351 3060 1412 3126 S.
1460 3061 1706 3126 Ioannis
1770 3063 1988 3146 Bapt.:
2059 3062 2210 3128 adeo
2270 3067 2341 3129 ut
2382 3063 2584 3129 hieme
2644 3063 2722 3129 ob
2768 3065 3025 3147 profun-

540 3167 859 3233 dissimum
909 3166 1107 3230 lutum
1146 3164 1404 3243 viarum,
1452 3168 1515 3231 et
1561 3168 1802 3232 aestate
1834 3169 2080 3251 propter
2110 3167 2442 3252 pulverem,
2486 3168 2600 3233 sub
2646 3171 2823 3233 aestu
2854 3168 3023 3246 solis,

537 3271 730 3337 oculis
771 3272 835 3336 et
882 3269 1163 3334 faucibus
1225 3269 1716 3350 infestissimum,
1777 3270 1909 3337 sine
1956 3290 2186 3355 magna
2230 3270 2600 3338 difficultate
2660 3270 2897 3339 incolae
2945 3273 3023 3339 ad

538 3376 858 3442 ecclesiam
906 3373 967 3440 S.
1009 3373 1257 3439 Ioannis
1303 3374 1484 3458 Bapt.
1538 3373 1827 3440 accedere
1875 3393 1991 3442 non
2039 3377 2296 3459 possint.
2370 3374 2585 3458 Quoad
2629 3376 3024 3455 distantiam,

539 3500 609 3546 ex
653 3478 977 3545 remotiore
1019 3497 1203 3562 supra
1246 3480 1623 3545 memoratae
1668 3479 1939 3564 regionis
1983 3483 2157 3563 parte
2196 3500 2390 3566 usque
2434 3482 2512 3546 ad
2561 3482 2806 3547 ianuam
2858 3482 3021 3566 prin-

538 3585 799 3668 cipalem
850 3583 1156 3649 Ecclesiae
1209 3582 1577 3667 parochialis
1622 3583 1685 3649 S.
1731 3584 2000 3666 Ioannis,
2058 3585 2362 3652 distantia
2406 3586 2643 3651 viarum
2692 3586 3027 3654 intercedit

537 3708 694 3774 quae
754 3706 871 3754 non
920 3686 1100 3771 longe
1156 3688 1334 3753 abest
1378 3707 1416 3752 a
1456 3687 1783 3765 milliari03
1842 3708 1999 3773 quae
2037 3689 2287 3774 plurimi
2344 3690 2626 3757 facienda
2670 3694 2841 3769 sunt,
2904 3710 3021 3759 non

536 3792 732 3857 solum
795 3792 938 3877 quia
998 3812 1068 3856 ex
1111 3792 1416 3858 decisione
1470 3791 1529 3858 S.
1576 3792 1769 3878 Cong.
1819 3793 1999 3862 Cone.
2068 3795 2196 3861 diei
2240 3800 2332 3863 25
2380 3796 2670 3863 ianuarii
2717 3801 2892 3864 1879
2949 3798 3023 3863 in

536 3898 798 3962 Ianuen.
863 3896 1481 3977 Dismembrationis,
1542 3898 1741 3963 minor
1798 3897 2100 3965 distantia
2156 3899 2432 3965 milliarii
2491 3900 2568 3965 ad
2613 3899 3025 3966 dismembra-

536 4001 766 4066 tionem
827 4000 1220 4065 obtinendam
1279 4000 1532 4079 sufficit,
1598 4001 1707 4067 sed
1775 4002 1966 4067 etiam
2031 4004 2277 4069 attenta
2343 4003 2547 4070 indole
2609 4004 2887 4070 fidelium
2960 4005 3026 4070 in

537 4104 795 4169 civitate
843 4103 1174 4188 Ragusana
1203 4124 1362 4190 quae
1409 4106 1487 4172 ad
1517 4107 1820 4172 extremas
1851 4107 2073 4173 ltaliae
2107 4107 2525 4175 meridionalis
2557 4127 2695 4174 oras
2727 4109 3021 4192 pertinet.

538 4208 825 4274 Addatur
888 4208 1185 4275 hactenus
1247 4210 1308 4275 in
1377 4229 1501 4277 una
1548 4210 1838 4295 parochia
1893 4213 2164 4297 triginta
2228 4215 2359 4278 tria
2409 4212 2615 4279 millia
2670 4212 3027 4280 incolarum

536 4315 856 4380 contineri.
921 4313 1052 4377 Nec
1096 4313 1174 4378 ad
1212 4313 1671 4397 capellanorum
1718 4315 2160 4382 subsidiarium
2210 4316 2542 4383 remedium
2584 4316 3023 4383 recurrendum

535 4420 648 4483 est.
725 4417 886 4482 Nam
955 4419 1548 4503 praeterquamquod
1618 4420 1732 4485 hoc
1801 4425 2020 4487 coriti-a
2071 4421 2430 4488 Tridentini
2473 4420 2753 4487 Concilii
2796 4420 3016 4505 dispo·

532 4522 820 4587 sitionem
859 4528 1034 4604 esset,
1099 4522 1613 4607 Archiepiscopus
1674 4523 1944 4592 testatur
2004 4523 2490 4606 experimentum
2551 4524 3011 4609 capellanorum

538 4625 885 4705 quindecim
933 4628 991 4689 in
1051 4628 1339 4708 parochia
1396 4625 1459 4694 S.
1509 4628 1756 4693 loannis
1801 4630 2276 4713 constitutorum
2338 4628 2678 4695 ostendisse
2736 4629 2867 4695 tale
2912 4648 3011 4692 re—
