3303 5013
841 268 913 327 D.
948 270 1178 342 papstl.
1217 268 1528 329 Kamerar
1563 276 1752 327 anter
1793 271 2071 329 Clemens
2121 268 2249 329 VH.
2660 252 2787 323 395

305 462 638 529 gravamen
686 444 1031 520 commissa,
1092 442 1145 508 si
1191 462 1313 526 qua
1357 443 1459 509 vel
1502 463 1620 528 que
1664 463 1735 510 ex
1780 444 2189 529 negligencia,
2238 447 2614 529 ignorancia‚
2664 465 2793 515 ma-

299 549 447 614 licia
493 548 589 614 vel
635 548 789 613 alias
834 547 1293 631 quomodolibet
1339 548 1784 614 intervenerint
1827 550 1889 630 in
1944 550 2258 633 premissis
2317 550 2675 636 supplentes
2730 555 2794 619 et

300 653 599 718 habentes
645 653 1034 738 presentibus
1080 672 1187 736 pro
1228 652 1531 736 suppletis
1575 656 1640 718 et
1680 654 1980 737 expressis
2019 672 2093 720 ac
2132 673 2205 721 ea
2236 655 2352 722 tibi
2385 658 2661 723 totaliter
2693 677 2793 724 re·

301 760 624 824 mittentes
648 756 726 822 de
750 757 1062 841 premissis
1086 757 1371 822 omnibus
1395 759 1458 822 et
1483 756 1750 840 singulis
1782 758 1872 823 sic
1903 760 2211 838 tractatis,
2256 761 2616 843 procuratis,
2650 780 2794 827 con-

301 863 509 940 cessis,
554 862 865 947 quittatis,
898 861 1192 940 remissis,
1226 860 1599 945 approbatis,
1635 861 1982 941 ratificatis‚
2014 862 2217 939 factis,
2251 865 2464 949 gestis,
2497 865 2795 950 expensis,

303 967 639 1045 mandatis,
662 966 962 1032 ordinatis
996 968 1060 1030 et
1091 965 1542 1031 administratis
1583 968 1646 1031 et
1672 965 1815 1032 aliis
1844 966 2126 1051 superius
2158 969 2524 1052 expressatis
2547 971 2631 1050 te,
2656 972 2797 1037 tuos

310 1071 585 1150 heredes,
650 1089 1028 1136 successores
1087 1073 1151 1135 et
1208 1072 1559 1136 executores
1612 1089 1685 1135 ac
1731 1090 1978 1137 causam
2026 1071 2322 1139 habentes
2369 1075 2434 1139 et
2479 1073 2801 1141 habituros

305 1175 615 1261 predictos
648 1176 838 1253 motu,
886 1174 1166 1253 sciencia,
1218 1174 1619 1258 plenitudine,
1666 1175 1919 1241 consilio
1965 1182 2029 1242 et
2074 1195 2328 1243 assensu
2375 1197 2447 1245 ac
2491 1180 2799 1263 potestate

305 1280 600 1365 predictis
646 1279 1057 1358 remittimus,
1104 1278 1529 1362 indulgemus,
1589 1280 1970 1363 quittamus,
2020 1281 2399 1349 absolvimus
2448 1286 2513 1350 et
2553 1283 2800 1368 penitus

306 1385 642 1451 liberamus
686 1404 760 1450 ac
804 1384 1030 1467 ubique
1081 1402 1213 1449 esse
1268 1384 1550 1449 volumus
1605 1384 1867 1467 quietos,
1913 1385 2218 1466 remissos,
2267 1387 2605 1467 absolutos,
2642 1388 2797 1454 libe-

302 1509 404 1556 ros
450 1492 512 1556 et
558 1489 863 1555 immunes
908 1507 981 1554 ac
1018 1490 1082 1553 te
1122 1488 1216 1554 vel
1255 1507 1357 1554 eos
1403 1491 1514 1553 aut
1559 1507 1770 1553 eorum
1819 1489 2058 1574 aliquos
2098 1491 2377 1574 pretextu
2412 1495 2789 1574 mutuorum,

306 1594 820 1679 promissionum,
866 1594 1353 1658 iuramentorum
1400 1611 1505 1658 seu
1550 1612 2054 1678 quarumcunque
2099 1594 2554 1678 obligacionum
2603 1597 2796 1663 inita-

310 1719 469 1776 rnm,
516 1698 817 1764 factorum
863 1717 972 1762 seu
1019 1698 1396 1781 receptorum
1446 1717 1551 1780 per
1592 1699 1658 1763 te
1704 1699 1799 1763 vel
1846 1699 1922 1763 de
1965 1699 2262 1765 mandato
2296 1701 2404 1766 tuo
2451 1719 2489 1766 a
2532 1701 2628 1766 vel
2660 1720 2799 1767 cum

311 1804 802 1889 quibuscumque
863 1803 1134 1886 personis
1194 1800 1270 1865 de
1330 1802 1816 1885 quibuscumque
1860 1803 2062 1881 rebus,
2114 1803 2574 1889 quantitatibus
2620 1808 2804 1891 atque

306 1908 571 1974 summis
615 1910 680 1974 et
725 1907 1188 1991 quibuscunque
1235 1906 1311 1970 de
1356 1906 1559 1971 causis
1599 1905 1676 1970 ad
1710 1925 2140 1991 quamcunque
2170 1909 2565 1989 solucionem,
2614 1910 2803 1977 satis-

313 2012 667 2092 factionem,
720 2010 1172 2078 restitutionem
1213 2009 1279 2074 in
1325 2013 1456 2077 toto
1504 2002 1711 2075 vel'in
1758 2013 1929 2094 parte
1962 2011 2036 2078 de
2069 2013 2242 2078 bonis
2272 2012 2400 2080 tuis
2427 2014 2806 2081 execucionis

313 2123 420 2182 tue
465 2135 574 2183 seu
621 2116 913 2182 heredum
977 2118 1367 2180 executorum
1431 2114 1528 2180 vel
1574 2134 1992 2181 successorum
2054 2117 2299 2183 tuorum
2349 2118 2809 2203 quomodolibet

314 2221 661 2287 faciendam
710 2220 806 2286 vel
850 2220 927 2285 ad
977 2219 1346 2285 reddendam
1394 2219 1702 2286 racionem
1752 2220 2024 2305 aliquam
2081 2240 2188 2288 seu
2235 2242 2473 2309 queque
2518 2226 2808 2308 computa

312 2326 390 2391 de
450 2325 767 2410 premissis
824 2324 919 2389 vel
980 2342 1189 2389 eorum
1251 2323 1560 2406 aliquibus
1622 2343 1744 2390 non
1803 2326 1999 2390 teneri
2047 2327 2142 2392 vel
2186 2346 2318 2393 esse
2362 2328 2652 2396 obnoxios
2696 2346 2804 2394 seu

316 2430 709 2516 aliquatenus
750 2429 1057 2514 obligatos
1102 2447 1210 2494 nec
1251 2429 1472 2495 debere
1510 2427 1639 2494 sive
1686 2448 1863 2514 posse
1912 2431 2048 2514 cogi
2094 2449 2201 2496 seu
2246 2432 2536 2517 compelli
2580 2432 2657 2498 ad
2691 2432 2809 2498 ali-

315 2536 480 2621 quod
519 2536 594 2601 de
639 2535 952 2619 premissis
1008 2554 1112 2618 per
1150 2552 1542 2619 quoscunque
1595 2536 1656 2599 et
1701 2535 2075 2602 auctoritate
2121 2555 2485 2621 quacunque
2531 2537 2808 2604 declara-

316 2660 477 2718 mus,
508 2639 862 2706 ordinamus
892 2643 957 2704 et
987 2638 1374 2704 decernimus
1406 2657 1513 2721 per
1544 2641 1858 2723 presentes
1884 2643 1948 2705 et
1972 2641 2408 2708 nichilominus
2432 2645 2805 2726 potestatem

315 2749 383 2812 et
428 2744 793 2811 facultatem
847 2742 1262 2809 omnimodam
1323 2741 1586 2808 faciendi
1632 2743 1708 2807 de
1758 2746 1961 2809 cetero
2006 2743 2470 2821 discussionem,
2518 2745 2804 2811 verifica·

318 2850 575 2925 cionem,
621 2848 1106 2933 inquisicionem,
1153 2846 1695 2924 examinacionem,
1743 2846 2299 2932 impugnacionem,
2350 2849 2800 2916 anullacionem

318 2973 429 3020 seu
475 2953 932 3020 revocacionem
978 2969 1433 3038 quamcumque
1476 2951 1553 3016 de
1597 2953 1663 3017 et
1706 2970 1889 3034 super
1934 2952 2249 3036 premissis
2298 2953 2392 3018 vel
2437 2971 2646 3020 eorum
2692 2952 2811 3018 ali-

319 3059 546 3144 quibus
600 3057 991 3132 camerariis,
1056 3056 1498 3135 thesaurariis,
1561 3056 1802 3123 clericis
1846 3075 2107 3135 camere‚
2158 3056 2618 3135 commissariis,
2664 3071 2811 3141 pro·

320 3162 711 3230 curatoribus
756 3165 820 3229 et
865 3160 1183 3228 advocatis
1228 3160 1542 3227 fiscalibus
1613 3165 1679 3227 et
1723 3161 2222 3228 locatenentibus
2267 3162 2337 3247 (f.
2384 3162 2453 3247 3)
2496 3181 2705 3230 eorum
2755 3163 2820 3228 et

322 3267 468 3334 aliis
512 3267 832 3352 quibusvis
871 3266 1260 3350 presentibus
1292 3268 1357 3332 et
1396 3265 1622 3331 futuris
1664 3266 2079 3350 cuiuscunque
2116 3268 2339 3346 status,
2380 3267 2634 3351 gradus,
2681 3267 2819 3352 dig-

321 3372 545 3439 nitatis
584 3390 658 3438 ac
695 3371 1141 3456 preeminencie
1187 3390 1260 3437 ac
1317 3389 1704 3456 quacumque
1751 3370 2126 3438 auctoritate
2174 3370 2576 3456 fungentibus
2619 3371 2816 3437 inter-

323 3477 609 3555 dicimus,
636 3475 916 3542 tollimus
947 3476 1011 3541 et
1036 3494 1391 3542 amovemus
1421 3478 1485 3541 et
1511 3494 1695 3560 super
1717 3476 1868 3560 ipsis
1899 3475 2185 3543 omnibus
2215 3479 2280 3542 et
2301 3475 2566 3560 singulis
2589 3475 2820 3544 eisdem

326 3584 394 3648 et
435 3580 898 3666 quibuscunque
960 3579 1104 3646 aliis
1162 3599 1526 3665 quacunque
1584 3580 1961 3646 auctoritate
2020 3579 2423 3663 fungentibus
2465 3599 2574 3647 seu
2619 3581 2822 3665 potes·

322 3687 526 3753 tatem
567 3705 752 3770 super
797 3686 912 3751 hoc
952 3685 1326 3751 habentibus
1372 3689 1737 3769 perpetuum
1774 3685 2097 3751 silencium
2131 3684 2508 3770 imponimus
2544 3704 2653 3769 per
2685 3703 2825 3768 pre-

326 3794 535 3858 sentes
577 3791 730 3875 ipsis
776 3789 1120 3856 districtius
1168 3789 1540 3867 inhibentes,
1590 3808 1666 3854 ne
1712 3792 1793 3869 te,
1842 3808 2243 3866 successores,
2284 3788 2559 3869 heredes,
2607 3807 2825 3855 execu-

325 3901 514 3976 tores,
563 3913 815 3961 causam
859 3893 1157 3960 habentes
1209 3896 1276 3961 et
1318 3893 1643 3960 habituros
1691 3892 2042 3960 huiusmodi
2091 3892 2527 3978 premissorum
2573 3894 2671 3960 vel
2707 3893 2827 3960 ali-

326 4019 589 4085 quorum
632 4017 841 4066 eorum
886 4000 1200 4065 occasione
1247 3998 1599 4077 molestare,
1647 4017 1927 4084 gravare,
1974 3998 2337 4082 perturbare
2381 3997 2480 4064 vel
2534 3998 2688 4064 alias
2730 3999 2825 4064 in-

327 4104 610 4190 quietare
671 4102 1093 4188 quoquomodo
1151 4106 1512 4188 presumant
1567 4105 1631 4168 et
1676 4104 1731 4167 si
1784 4121 1907 4187 qua
1950 4122 2022 4168 ex
2068 4100 2383 4186 premissis
2427 4103 2688 4187 receptis
2730 4102 2826 4170 le-

332 4209 495 4275 vatis
542 4209 636 4275 vel
682 4207 1144 4292 quomodolibet
1187 4207 1427 4274 habitis
1473 4226 1546 4273 ac
1590 4206 1729 4273 aliis
1762 4206 1838 4273 ad
1874 4225 1980 4273 nos
2011 4209 2077 4273 et
2104 4207 2430 4273 ecclesiam
2463 4207 2825 4286 Romanam,

330 4312 671 4398 collegium
712 4317 777 4379 et
822 4331 1127 4380 cameram
1175 4312 1482 4396 predictos
1528 4312 2000 4396 pertinentibus,
2042 4312 2234 4377 eciam
2267 4312 2682 4395 cuiuscunque
2721 4329 2832 4377 va-

330 4417 503 4494 loris,
548 4436 818 4496 summe,
867 4416 1193 4501 qualitatis
1239 4420 1303 4483 et
1341 4417 1719 4502 quantitatis
1770 4416 2029 4496 fuerint,
2073 4416 2401 4483 retinueris
2454 4419 2517 4481 et
2563 4414 2681 4480 tibi
2726 4415 2826 4481 vel

330 4522 477 4589 aliis
516 4520 1050 4608 ap[p]ropriaveris
1098 4522 1191 4589 vel
1234 4521 1638 4607 applicaveris
1693 4524 1804 4587 ant
1845 4522 1909 4587 in
1956 4523 2097 4589 tuos
2141 4521 2236 4588 vel
2283 4521 2438 4587 alios
2486 4536 2633 4584 usus
2678 4537 2830 4603 qno·

333 4625 676 4694 modolibet
722 4627 1110 4707 converteris,
1157 4627 1504 4711 exposueris
1550 4626 1644 4694 vel
1689 4627 2142 4712 consumpseris
2187 4626 2386 4695 eciam
2429 4625 2543 4691 tua
2584 4624 2831 4709 propria
