3303 5013
1209 315 1343 369 und
1379 313 1935 383 Entscheidunyen.
2693 296 2810 384 701

335 506 440 570 per
497 487 754 553 testium
814 485 1256 570 despositiones
1325 485 1586 567 aliisque
1641 485 1943 569 legitimis
2004 485 2495 569 probationibuS,
2569 487 2819 552 conclu-

333 591 548 657 denter
599 591 949 669 verificatiS,
1013 594 1088 657 ut
1132 593 1305 674 patet
1350 609 1422 655 ex
1469 592 1628 656 actis
1674 592 1739 656 et
1785 590 2045 655 relativo
2086 610 2121 654 a
2167 590 2361 655 Nobis
2422 591 2602 656 hodie
2648 591 2817 656 edito

330 696 597 774 decreto,
661 696 967 780 regionem
1016 695 1191 760 illam
1238 694 1684 761 occidentalem
1737 695 2040 779 Ragusiae
2088 695 2284 774 urbiS,
2348 714 2487 759 curn
2534 695 2817 759 omnibus

330 800 606 866 ecclesiis
648 802 712 865 in
773 819 845 866 ea
887 800 1315 878 existentibus,
1387 800 1739 864 bominibus
1787 799 2002 864 incolis
2060 801 2125 865 et
2186 799 2438 864 familiis
2498 801 2574 863 ab
2634 801 2817 865 unica

334 906 630 971 hactenus
682 905 1026 971 parochiali
1074 905 1393 989 praedicta
1448 905 1709 970 ecclesia
1755 904 1814 971 S.
1857 903 2103 969 Ioannis
2153 905 2492 987 Baptistae,
2558 906 2653 970 usi
2701 922 2814 970 non

333 1011 512 1076 modo
557 1015 766 1076 nostra
817 1011 1190 1076 auctoritate
1236 1008 1583 1086 Ordinaria,
1649 1029 1863 1074 verum
1932 1010 2121 1074 etiam
2169 1028 2207 1075 a
2250 1009 2311 1075 8.
2360 1009 2631 1075 Concilio
2678 1010 2810 1074 'I'ri-

330 1115 582 1180 dentino
648 1115 807 1200 (cap.
858 1115 967 1194 IV,
1033 1134 1182 1181 sess.
1226 1114 1407 1199 XXI)
1469 1115 1788 1197 delegata,
1867 1114 2196 1180 accedente
2264 1114 2453 1179 etiam
2522 1134 2821 1180 consensu

331 1219 525 1285 nostri
556 1218 831 1303 Capituli
854 1219 1337 1302 Metropolitani,
1385 1238 1761 1303 separamus,
1811 1219 2146 1285 dividimus
2178 1221 2242 1285 et
2271 1218 2817 1296 dismembramus;

329 1328 392 1388 et
439 1325 502 1389 in
554 1324 978 1390 Parochialem
1031 1324 1367 1390 Ecclesiam
1402 1324 1700 1408 erigimus
1733 1327 1796 1389 et
1822 1324 2259 1389 constituimus
2296 1325 2632 1391 Ecclesiam
2666 1325 2817 1391 inibi

328 1429 694 1494 existentem
756 1429 869 1492 sub
930 1428 1117 1494 titulo
1159 1427 1265 1493 88.
1316 1428 1731 1507 Ecce-Homo,
1802 1447 1939 1492 cum
2006 1448 2114 1493 suo
2175 1431 2308 1495 loco
2382 1434 2445 1495 et
2506 1430 2815 1506 districtu,

329 1533 551 1598 habita
597 1533 674 1598 ad
714 1552 841 1598 rem
890 1552 995 1616 pro
1023 1533 1289 1598 termino
1336 1533 1622 1597 mediana
1661 1533 1827 1597 linea
1871 1533 2164 1599 divisoria
2204 1554 2361 1617 quae
2394 1534 2610 1617 incipit
2648 1553 2684 1598 a
2718 1534 2818 1600 via

327 1636 570 1722 Leggio
615 1656 736 1720 qua
769 1637 919 1702 haec
950 1637 1049 1702 via
1079 1637 1491 1703 intersecatur
1532 1657 1568 1701 a
1610 1637 1709 1701 via
1740 1637 1939 1715 Serra,
1989 1657 2180 1720 eaque
2212 1637 2375 1703 linea
2407 1638 2593 1703 ducta
2626 1658 2816 1723 usque

326 1741 403 1806 ad
449 1745 748 1825 punctum
809 1760 928 1825 quo
974 1762 1010 1806 a
1054 1747 1230 1825 parte
1287 1742 1568 1826 opposita
1614 1741 1986 1808 descendens
2029 1743 2126 1806 via
2171 1742 2516 1824 Camerina,
2590 1745 2814 1809 lineam

327 1846 708 1932 pertingens,
752 1846 1007 1911 ultimos
1054 1847 1132 1912 ab
1182 1845 1395 1912 eadem
1445 1851 1620 1930 parte
1651 1847 1900 1924 incolas,
1951 1849 2252 1930 proximos
2286 1850 2614 1933 contiguae
2646 1849 2814 1927 valli,

327 1950 768 2034 complectitur
827 1954 892 2016 et
942 1952 1187 2034 signat3
1248 1953 1340 2016 ita
1390 1953 1458 2016 ut
1502 1952 1702 2017 omnis
1746 1952 1916 2018 locus
1975 1956 2038 2018 et
2082 1971 2291 2018 omnes
2352 1953 2530 2018 aedes
2577 1974 2733 2038 quae
2780 1973 2817 2019 a

326 2055 500 2122 dicta
548 2056 711 2120 linea
773 2056 1065 2121 divisoria
1125 2056 1199 2120 ad
1247 2057 1627 2121 occidentem
1677 2058 2093 2140 porriguntur,
2165 2059 2514 2141 pertineant
2575 2063 2638 2124 et
2680 2079 2813 2144 per-

325 2164 528 2226 tinere
577 2159 1019 2244 dignoscantur
1051 2161 1127 2225 ad
1171 2180 1389 2226 novam
1434 2161 1794 2226 Parochiam
1831 2160 1936 2227 88.
1971 2162 2397 2229 Ecce-Homo:
2444 2165 2506 2228 et
2538 2183 2570 2229 e
2603 2166 2816 2230 contra

325 2264 529 2330 omnis
575 2264 745 2329 locus
784 2268 847 2330 et
890 2284 1100 2330 omnes
1146 2266 1329 2329 aedes
1370 2285 1527 2350 quae
1571 2285 1608 2330 a
1656 2266 1824 2331 dicta
1869 2267 2032 2331 linea
2064 2267 2354 2333 divisoria
2400 2270 2475 2331 ad
2517 2270 2812 2334 orientem

327 2369 750 2453 porriguntur,
785 2369 1131 2452 pertineant
1157 2373 1218 2435 et
1242 2372 1549 2453 pertinere
1595 2371 2040 2455 dignoscantur
2071 2371 2147 2437 ad
2178 2375 2447 2438 veterem
2479 2374 2538 2439 S.
2569 2374 2816 2438 Ioannis

331 2474 654 2558 Baptistae
699 2472 1129 2540 Parochialem
1179 2474 1534 2553 Ecclesiam,
1608 2476 1828 2541 dantes
1888 2480 1952 2541 et
2013 2477 2412 2542 concedentes
2473 2477 2688 2543 incolis
2752 2480 2816 2543 et

330 2579 789 2644 habitatoribus
835 2579 988 2644 dicti
1030 2580 1167 2657 loci,
1226 2580 1548 2645 districtus
1596 2583 1659 2645 et
1710 2582 2042 2645 Parochiae
2089 2600 2299 2659 novae,
2343 2584 2413 2646 ut
2459 2601 2644 2664 supra
2690 2582 2814 2647 dis·
2936 2654 2954 2673 .

329 2684 729 2763 membratae,
766 2683 998 2748 divisae
1031 2688 1093 2748 et
1124 2685 1500 2750 constitutae
1533 2703 1637 2767 per
1667 2686 1866 2750 certos
1899 2685 2147 2763 limiteS,
2184 2685 2428 2768 plenam
2461 2688 2525 2751 et
2553 2686 2813 2753 liberam

324 2791 700 2871 potestatem
768 2788 830 2852 in
900 2788 1066 2854 dicta
1133 2789 1477 2855 parochiali
1551 2790 1847 2866 Ecclesia,
1909 2790 2293 2873 sepulturas,
2353 2793 2810 2871 coemeterium,

324 2893 561 2958 fontem
606 2892 1062 2974 baptismalem,
1110 2893 1473 2971 archivium,
1519 2894 1883 2977 campanile,
1932 2912 2260 2977 campanas
2290 2897 2355 2959 et
2388 2895 2512 2959 alia
2543 2895 2814 2979 insignia

327 2997 824 3080 parochialitatis
868 2998 1280 3062 constituendi
1328 3003 1388 3063 et
1435 2999 1759 3064 retinendi.

542 3102 912 3168 »Praeterea
958 3122 1147 3167 novae
1193 3104 1280 3169 sic
1342 3109 1585 3169 erectae
1639 3104 1970 3169 Parocbiae
2033 3103 2285 3169 filialem
2337 3104 2656 3169 ecclesiam
2705 3104 2809 3173 SS.

327 3205 667 3271 Salvatoris
714 3206 777 3270 in
810 3206 1033 3271 finibus
1078 3207 1274 3291 ipsius
1306 3208 1626 3273 districtus
1673 3208 2054 3286 existentem,
2103 3208 2164 3272 in
2192 3208 2445 3273 filialem
2490 3209 2813 3274 ecclesiam

328 3311 731 3376 attribuimus
775 3314 840 3375 et
882 3312 1292 3394 assignamus.

543 3416 995 3499 »Acceptantes
1028 3415 1500 3482 deliberationes
1529 3436 1565 3481 a
1590 3416 1925 3501 Municipio
1946 3418 2276 3501 Ragusano
2305 3419 2515 3498 initas,
2550 3417 2813 3483 alteram

326 3518 425 3584 die
477 3520 560 3583 13
594 3518 766 3598 Maii,
811 3519 1072 3584 alteram
1118 3519 1216 3585 die
1273 3521 1347 3585 14
1396 3521 1541 3585 Iulii
1582 3521 1885 3586 volventis
1918 3523 2062 3587 anni
2096 3523 2284 3601 1901,
2331 3525 2810 3608 quingentarum

327 3624 681 3690 libellarum
744 3643 1011 3688 annuam
1072 3644 1378 3690 summam
1439 3626 1517 3690 ab
1582 3627 1793 3691 eodem
1848 3627 2172 3709 Ragusano
2222 3626 2575 3710 Municipio,
2625 3626 2814 3691 donec

329 3728 622 3793 maiorem
683 3728 856 3793 iuxta
921 3728 1133 3795 civiles
1200 3729 1370 3814 leges
1420 3730 1895 3795 Administratio
1960 3730 2160 3795 Fundi
2228 3729 2449 3797 Cultus
2519 3729 2812 3808 sufficiat,

326 3832 680 3898 solvendam
751 3832 828 3897 ad
898 3835 1156 3899 titulum
1231 3835 1616 3902 aboletorum
1688 3836 1912 3900 iurium
1983 3837 2240 3920 quartae
2296 3835 2678 3917 funerariae3
2751 3838 2813 3900 et

329 3940 571 4018 praeter
618 3938 776 4002 hanc
822 3957 1148 4019 summam,
1197 3940 1405 4005 omnia
1438 3941 1856 4006 emolumenta
1902 3941 1977 4004 ad
2025 3940 2280 4005 titulum
2314 3941 2586 4005 exercitii
2617 3937 2813 4006 Curae

332 4041 712 4106 Parochialis
759 4044 823 4108 et
864 4043 1002 4108 iura
1032 4044 1406 4109 decimarum
1453 4032 2017 4123 sacramentalium,
2066 4046 2195 4111 Nos
2244 4064 2350 4128 pro
2397 4044 2589 4127 ipsius
2623 4064 2814 4110 novae

336 4144 667 4210 Parocbiae
715 4145 928 4212 Curati
976 4150 1038 4212 et
1072 4149 1504 4229 Parocborum,
1550 4150 1834 4232 deinceps
1882 4150 2302 4234 eligendorum
2336 4150 2399 4214 in
2426 4155 2811 4234 perpetuum,

331 4251 801 4329 sustentatione,
834 4270 1085 4319 onerum
1121 4256 1582 4337 supportatione
1614 4257 1679 4320 et
1702 4274 1973 4339 congrua
2005 4257 2285 4321 taxamus
2313 4257 2376 4320 et
2400 4256 2813 4339 assignamus,

330 4352 731 4434 declarantes,
802 4358 964 4422 sicut
1019 4359 1149 4424 iure
1197 4358 1602 4438 declat-amne,
1653 4379 1872 4425 novam
1921 4360 2291 4426 Parochiam
2338 4359 2400 4423 in
2444 4343 2809 4442 perpetuum

332 4458 460 4523 esse
498 4463 564 4524 et
609 4460 734 4525 fore
782 4460 1009 4528 liberae
1049 4464 1419 4531 collationis.

542 4565 699 4630 »Pro
760 4568 1049 4634 exercitio
1117 4569 1323 4634 autem
1394 4587 1575 4634 curae
1644 4569 1706 4633 in
1774 4568 2067 4652 populum
2129 4572 2194 4635 et
2251 4567 2571 4651 utriusque
2636 4585 2813 4632 sexus

333 4664 539 4732 fideles
585 4669 646 4732 iu
693 4668 860 4737 dicto
893 4672 1204 4739 territorio
1243 4674 1617 4752 habitantes,
1668 4673 1798 4739 vice
1832 4672 2024 4738 futuri
2061 4672 2343 4753 Parochi,
2393 4671 2601 4751 donec,
2648 4671 2813 4738 edito
