<?xml version="1.0" encoding="UTF-8"?>
<!DOCTYPE html PUBLIC "-//W3C//DTD XHTML 1.0 Transitional//EN"
    "http://www.w3.org/TR/xhtml1/DTD/xhtml1-transitional.dtd">
<html xmlns="http://www.w3.org/1999/xhtml" xml:lang="en" lang="en">
 <head>
  <title>
</title>
<meta http-equiv="Content-Type" content="text/html;charset=utf-8" />
  <meta name='ocr-system' content='tesseract 3.04.00' />
  <meta name='ocr-capabilities' content='ocr_page ocr_carea ocr_par ocr_line ocrx_word'/>
</head>
<body>
  <div class='ocr_page' id='page_1' title='image "./archivfrkatholi18unkngoog_0494.png"; bbox 0 0 3303 5013; ppageno 0'>
   <div class='ocr_carea' id='block_1_1' title="bbox 558 280 2205 354">
    <p class='ocr_par' dir='ltr' id='par_1_1' title="bbox 558 280 2205 354">
     <span class='ocr_line' id='line_1_1' title="bbox 558 280 2205 354; baseline -0.001 -3"><span class='ocrx_word' id='word_1_1' title='bbox 558 280 691 346; x_wconf 85' lang='lat'><strong>490</strong></span> <span class='ocrx_word' id='word_1_2' title='bbox 1420 298 1769 354; x_wconf 71' lang='lat' dir='ltr'><strong>Kirchliche</strong></span> <span class='ocrx_word' id='word_1_3' title='bbox 1797 296 2205 352; x_wconf 65' lang='lat' dir='ltr'><strong>Auenseaclee</strong></span> 
     </span>
    </p>
   </div>
   <div class='ocr_carea' id='block_1_2' title="bbox 554 466 3076 1074">
    <p class='ocr_par' dir='ltr' id='par_1_2' title="bbox 554 466 3076 1074">
     <span class='ocr_line' id='line_1_2' title="bbox 763 466 3076 553; baseline -0 -20"><span class='ocrx_word' id='word_1_4' title='bbox 763 470 824 534; x_wconf 85' lang='lat'><strong>2.</strong></span> <span class='ocrx_word' id='word_1_5' title='bbox 903 470 1000 535; x_wconf 84' lang='lat' dir='ltr'><strong>An</strong></span> <span class='ocrx_word' id='word_1_6' title='bbox 1063 468 1335 535; x_wconf 84' lang='lat' dir='ltr'><strong>sufficiat</strong></span> <span class='ocrx_word' id='word_1_7' title='bbox 1380 468 1642 533; x_wconf 76' lang='lat' dir='ltr'>assertio</span> <span class='ocrx_word' id='word_1_8' title='bbox 1687 468 1881 553; x_wconf 88' lang='lat' dir='ltr'><strong>partis</strong></span> <span class='ocrx_word' id='word_1_9' title='bbox 1930 466 2277 533; x_wconf 89' lang='lat' dir='ltr'><strong>catholicae</strong></span> <span class='ocrx_word' id='word_1_10' title='bbox 2322 467 2438 532; x_wconf 88' lang='lat' dir='ltr'><strong>snb</strong></span> <span class='ocrx_word' id='word_1_11' title='bbox 2483 467 2841 550; x_wconf 87' lang='lat' dir='ltr'><strong>juramento</strong></span> <span class='ocrx_word' id='word_1_12' title='bbox 2888 467 3076 543; x_wconf 82' lang='lat' dir='ltr'><strong>data,</strong></span> 
     </span>
     <span class='ocr_line' id='line_1_3' title="bbox 554 570 3071 657; baseline 0 -19"><span class='ocrx_word' id='word_1_13' title='bbox 554 577 795 657; x_wconf 87' lang='lat' dir='ltr'><strong>partem</strong></span> <span class='ocrx_word' id='word_1_14' title='bbox 840 573 1249 642; x_wconf 88' lang='lat' dir='ltr'><strong>acatholicam</strong></span> <span class='ocrx_word' id='word_1_15' title='bbox 1298 573 1375 638; x_wconf 90' lang='lat' dir='ltr'><strong>de</strong></span> <span class='ocrx_word' id='word_1_16' title='bbox 1420 573 1875 639; x_wconf 88' lang='lat' dir='ltr'><strong>conditionibus</strong></span> <span class='ocrx_word' id='word_1_17' title='bbox 1923 571 2256 655; x_wconf 78' lang='lat' dir='ltr'><strong>implendis</strong></span> <span class='ocrx_word' id='word_1_18' title='bbox 2286 571 2406 637; x_wconf 91' lang='lat' dir='ltr'><strong>sibi</strong></span> <span class='ocrx_word' id='word_1_19' title='bbox 2437 570 2626 636; x_wconf 84' lang='lat' dir='ltr'><strong>fidem</strong></span> <span class='ocrx_word' id='word_1_20' title='bbox 2660 576 3071 655; x_wconf 74' lang='lat' dir='ltr'><strong>praestasse?</strong></span> 
     </span>
     <span class='ocr_line' id='line_1_4' title="bbox 768 676 3070 762; baseline -0 -18"><span class='ocrx_word' id='word_1_21' title='bbox 768 679 865 744; x_wconf 84' lang='lat' dir='ltr'><strong>An</strong></span> <span class='ocrx_word' id='word_1_22' title='bbox 907 679 1185 762; x_wconf 77' lang='lat' dir='ltr'><strong>permitti</strong></span> <span class='ocrx_word' id='word_1_23' title='bbox 1234 678 1450 761; x_wconf 82' lang='lat' dir='ltr'><strong>possit,</strong></span> <span class='ocrx_word' id='word_1_24' title='bbox 1499 679 1569 741; x_wconf 96' lang='grc' dir='ltr'><strong>ιιι</strong></span> <span class='ocrx_word' id='word_1_25' title='bbox 1620 682 1765 743; x_wconf 86' lang='lat' dir='ltr'><strong>ante</strong></span> <span class='ocrx_word' id='word_1_26' title='bbox 1807 676 1903 743; x_wconf 85' lang='lat' dir='ltr'><strong>vel</strong></span> <span class='ocrx_word' id='word_1_27' title='bbox 1950 678 2093 761; x_wconf 87' lang='lat' dir='ltr'><strong>post</strong></span> <span class='ocrx_word' id='word_1_28' title='bbox 2138 676 2606 742; x_wconf 82' lang='lat' dir='ltr'><strong>matrimonium</strong></span> <span class='ocrx_word' id='word_1_29' title='bbox 2654 695 2798 760; x_wconf 92' lang='lat' dir='ltr'><strong>pars</strong></span> <span class='ocrx_word' id='word_1_30' title='bbox 2841 678 3070 743; x_wconf 83' lang='lat' dir='ltr'><strong>catho-</strong></span> 
     </span>
     <span class='ocr_line' id='line_1_5' title="bbox 554 779 3063 862; baseline -0.001 -13"><span class='ocrx_word' id='word_1_31' title='bbox 554 783 679 849; x_wconf 87' lang='lat' dir='ltr'><strong>lica</strong></span> <span class='ocrx_word' id='word_1_32' title='bbox 724 783 917 849; x_wconf 91' lang='lat' dir='ltr'><strong>etiam</strong></span> <span class='ocrx_word' id='word_1_33' title='bbox 963 801 1169 849; x_wconf 84' lang='lat' dir='ltr'><strong>coram</strong></span> <span class='ocrx_word' id='word_1_34' title='bbox 1234 781 1570 847; x_wconf 88' lang='lat' dir='ltr'><strong>ministello</strong></span> <span class='ocrx_word' id='word_1_35' title='bbox 1631 781 1978 848; x_wconf 85' lang='lat' dir='ltr'><strong>acatholico</strong></span> <span class='ocrx_word' id='word_1_36' title='bbox 2045 779 2122 845; x_wconf 84' lang='lat' dir='ltr'><strong>ad</strong></span> <span class='ocrx_word' id='word_1_37' title='bbox 2187 780 2628 862; x_wconf 89' lang='lat' dir='ltr'><strong>praestandum</strong></span> <span class='ocrx_word' id='word_1_38' title='bbox 2694 799 3063 848; x_wconf 83' lang='lat' dir='ltr'><strong>consensum</strong></span> 
     </span>
     <span class='ocr_line' id='line_1_6' title="bbox 557 884 3067 969; baseline -0.001 -16"><span class='ocrx_word' id='word_1_39' title='bbox 557 886 1078 953; x_wconf 82' lang='lat' dir='ltr'><strong>matrimonialem</strong></span> <span class='ocrx_word' id='word_1_40' title='bbox 1141 905 1208 952; x_wconf 90' lang='lat' dir='ltr'><strong>se</strong></span> <span class='ocrx_word' id='word_1_41' title='bbox 1267 886 1488 958; x_wconf 87' lang='lat' dir='ltr'><strong>sistat,</strong></span> <span class='ocrx_word' id='word_1_42' title='bbox 1550 885 1600 950; x_wconf 90' lang='lat' dir='ltr'><strong>si</strong></span> <span class='ocrx_word' id='word_1_43' title='bbox 1666 904 1811 969; x_wconf 87' lang='lat' dir='ltr'><strong>pars</strong></span> <span class='ocrx_word' id='word_1_44' title='bbox 1870 885 2184 951; x_wconf 82' lang='lat' dir='ltr'><strong>catholica</strong></span> <span class='ocrx_word' id='word_1_45' title='bbox 2244 884 2307 949; x_wconf 90' lang='lat' dir='ltr'><strong>in</strong></span> <span class='ocrx_word' id='word_1_46' title='bbox 2352 885 2604 967; x_wconf 87' lang='lat' dir='ltr'><strong>scriptis</strong></span> <span class='ocrx_word' id='word_1_47' title='bbox 2645 885 3067 952; x_wconf 80' lang='lat' dir='ltr'><strong>declaraverit</strong></span> 
     </span>
     <span class='ocr_line' id='line_1_7' title="bbox 558 988 3063 1074; baseline -0.001 -18"><span class='ocrx_word' id='word_1_48' title='bbox 558 1009 723 1056; x_wconf 87' lang='lat' dir='ltr'><strong>mere</strong></span> <span class='ocrx_word' id='word_1_49' title='bbox 813 990 1054 1074; x_wconf 79' lang='lat' dir='ltr'><strong>passive</strong></span> <span class='ocrx_word' id='word_1_50' title='bbox 1143 1008 1275 1056; x_wconf 88' lang='lat' dir='ltr'><strong>sese</strong></span> <span class='ocrx_word' id='word_1_51' title='bbox 1357 1007 1568 1073; x_wconf 84' lang='lat' dir='ltr'><strong>gerere</strong></span> <span class='ocrx_word' id='word_1_52' title='bbox 1591 1040 1607 1069; x_wconf 91' lang='lat'><strong>,</strong></span> <span class='ocrx_word' id='word_1_53' title='bbox 1695 995 1762 1055; x_wconf 87' lang='lat' dir='ltr'><strong>et</strong></span> <span class='ocrx_word' id='word_1_54' title='bbox 1851 988 2020 1053; x_wconf 90' lang='lat' dir='ltr'><strong>nullo</strong></span> <span class='ocrx_word' id='word_1_55' title='bbox 2105 988 2283 1054; x_wconf 88' lang='lat' dir='ltr'><strong>modo</strong></span> <span class='ocrx_word' id='word_1_56' title='bbox 2374 989 2519 1053; x_wconf 86' lang='lat' dir='ltr'><strong>ritui</strong></span> <span class='ocrx_word' id='word_1_57' title='bbox 2610 991 3063 1073; x_wconf 84' lang='lat' dir='ltr'><strong>protestantieo</strong></span> 
     </span>
    </p>
   </div>
   <div class='ocr_carea' id='block_1_3' title="bbox 555 1093 1310 1265">
    <p class='ocr_par' dir='ltr' id='par_1_3' title="bbox 555 1093 1310 1265">
     <span class='ocr_line' id='line_1_8' title="bbox 555 1093 1148 1160; baseline 0 -1"><span class='ocrx_word' id='word_1_58' title='bbox 555 1093 894 1160; x_wconf 86' lang='lat' dir='ltr'><strong>adhaerere</strong></span> <span class='ocrx_word' id='word_1_59' title='bbox 942 1094 1148 1159; x_wconf 74' lang='lat' dir='ltr'><strong>velle?</strong></span> 
     </span>
     <span class='ocr_line' id='line_1_9' title="bbox 769 1198 1310 1265; baseline 0 -3"><span class='ocrx_word' id='word_1_60' title='bbox 769 1198 850 1263; x_wconf 79' lang='lat' dir='ltr'><strong>Et</strong></span> <span class='ocrx_word' id='word_1_61' title='bbox 892 1198 1058 1263; x_wconf 89' lang='lat' dir='ltr'><strong>Deus</strong></span> <span class='ocrx_word' id='word_1_62' title='bbox 1105 1250 1119 1265; x_wconf 88' lang='lat'><strong>.</strong></span> <span class='ocrx_word' id='word_1_63' title='bbox 1165 1248 1179 1264; x_wconf 92' lang='lat'><strong>.</strong></span> <span class='ocrx_word' id='word_1_64' title='bbox 1228 1249 1243 1262; x_wconf 91' lang='lat'><strong>.</strong></span> <span class='ocrx_word' id='word_1_65' title='bbox 1298 1249 1310 1263; x_wconf 90' lang='lat'><strong>.</strong></span> 
     </span>
    </p>
   </div>
   <div class='ocr_carea' id='block_1_4' title="bbox 1221 1318 2393 1403">
    <p class='ocr_par' dir='ltr' id='par_1_4' title="bbox 1221 1318 2393 1403">
     <span class='ocr_line' id='line_1_10' title="bbox 1221 1318 2393 1403; baseline -0.002 -17"><span class='ocrx_word' id='word_1_66' title='bbox 1221 1320 1423 1386; x_wconf 66' lang='lat' dir='ltr'><strong>Fer-ia</strong></span> <span class='ocrx_word' id='word_1_67' title='bbox 1468 1320 1592 1403; x_wconf 87' lang='lat' dir='ltr'><strong>IV,</strong></span> <span class='ocrx_word' id='word_1_68' title='bbox 1642 1324 1746 1387; x_wconf 90' lang='grc'><strong>10.</strong></span> <span class='ocrx_word' id='word_1_69' title='bbox 1788 1318 2152 1384; x_wconf 80' lang='lat' dir='ltr'><strong>Decembris</strong></span> <span class='ocrx_word' id='word_1_70' title='bbox 2197 1324 2393 1386; x_wconf 81' lang='lat'><strong>1902.</strong></span> 
     </span>
    </p>
   </div>
   <div class='ocr_carea' id='block_1_5' title="bbox 553 1439 3059 2983">
    <p class='ocr_par' dir='ltr' id='par_1_5' title="bbox 554 1439 3059 1838">
     <span class='ocr_line' id='line_1_11' title="bbox 764 1439 3059 1526; baseline 0 -21"><span class='ocrx_word' id='word_1_71' title='bbox 764 1440 836 1506; x_wconf 91' lang='lat' dir='ltr'><strong>In</strong></span> <span class='ocrx_word' id='word_1_72' title='bbox 895 1440 1386 1526; x_wconf 83' lang='lat' dir='ltr'><strong>Congregatione</strong></span> <span class='ocrx_word' id='word_1_73' title='bbox 1444 1441 1721 1525; x_wconf 87' lang='lat' dir='ltr'><strong>generali</strong></span> <span class='ocrx_word' id='word_1_74' title='bbox 1777 1439 1839 1509; x_wconf 89' lang='lat' dir='ltr'><strong>S.</strong></span> <span class='ocrx_word' id='word_1_75' title='bbox 1886 1440 2204 1506; x_wconf 85' lang='lat' dir='ltr'><strong>Romanae</strong></span> <span class='ocrx_word' id='word_1_76' title='bbox 2249 1444 2313 1505; x_wconf 91' lang='lat' dir='ltr'><strong>et</strong></span> <span class='ocrx_word' id='word_1_77' title='bbox 2359 1440 2738 1507; x_wconf 84' lang='lat' dir='ltr'><strong>Universalis</strong></span> <span class='ocrx_word' id='word_1_78' title='bbox 2786 1441 3059 1524; x_wconf 87' lang='lat' dir='ltr'><strong>Inquisi-</strong></span> 
     </span>
     <span class='ocr_line' id='line_1_12' title="bbox 554 1543 3053 1611; baseline 0 0"><span class='ocrx_word' id='word_1_79' title='bbox 554 1545 744 1611; x_wconf 89' lang='lat' dir='ltr'><strong>tionis</strong></span> <span class='ocrx_word' id='word_1_80' title='bbox 792 1545 1277 1611; x_wconf 84' lang='lat' dir='ltr'><strong>Eminentissimi</strong></span> <span class='ocrx_word' id='word_1_81' title='bbox 1319 1563 1390 1609; x_wconf 90' lang='lat' dir='ltr'><strong>ac</strong></span> <span class='ocrx_word' id='word_1_82' title='bbox 1443 1544 1955 1611; x_wconf 87' lang='lat' dir='ltr'><strong>Reverendissimi</strong></span> <span class='ocrx_word' id='word_1_83' title='bbox 2005 1544 2137 1608; x_wconf 89' lang='lat' dir='ltr'><strong>DD.</strong></span> <span class='ocrx_word' id='word_1_84' title='bbox 2184 1543 2542 1611; x_wconf 80' lang='lat' dir='ltr'><strong>cardinales</strong></span> <span class='ocrx_word' id='word_1_85' title='bbox 2589 1544 2649 1608; x_wconf 91' lang='lat' dir='ltr'><strong>in</strong></span> <span class='ocrx_word' id='word_1_86' title='bbox 2693 1545 2877 1609; x_wconf 88' lang='lat' dir='ltr'><strong>rebus</strong></span> <span class='ocrx_word' id='word_1_87' title='bbox 2908 1545 3053 1611; x_wconf 90' lang='lat' dir='ltr'><strong>fidei</strong></span> 
     </span>
     <span class='ocr_line' id='line_1_13' title="bbox 558 1649 3056 1733; baseline 0 -18"><span class='ocrx_word' id='word_1_88' title='bbox 558 1652 623 1715; x_wconf 90' lang='lat' dir='ltr'><strong>et</strong></span> <span class='ocrx_word' id='word_1_89' title='bbox 669 1669 907 1716; x_wconf 91' lang='lat' dir='ltr'><strong>morum</strong></span> <span class='ocrx_word' id='word_1_90' title='bbox 956 1649 1288 1715; x_wconf 86' lang='lat' dir='ltr'><strong>Generales</strong></span> <span class='ocrx_word' id='word_1_91' title='bbox 1336 1649 1771 1733; x_wconf 78' lang='lat' dir='ltr'><strong>inquisitores,</strong></span> <span class='ocrx_word' id='word_1_92' title='bbox 1830 1649 2155 1733; x_wconf 86' lang='lat' dir='ltr'><strong>propositis</strong></span> <span class='ocrx_word' id='word_1_93' title='bbox 2202 1650 2643 1733; x_wconf 84' lang='lat' dir='ltr'><strong>suprascriptis</strong></span> <span class='ocrx_word' id='word_1_94' title='bbox 2689 1649 2932 1728; x_wconf 91' lang='lat' dir='ltr'><strong>dubiis,</strong></span> <span class='ocrx_word' id='word_1_95' title='bbox 2981 1669 3056 1715; x_wconf 88' lang='lat' dir='ltr'><strong>ac</strong></span> 
     </span>
     <span class='ocr_line' id='line_1_14' title="bbox 557 1753 2978 1838; baseline 0.001 -22"><span class='ocrx_word' id='word_1_96' title='bbox 557 1754 916 1838; x_wconf 84' lang='lat' dir='ltr'><strong>praehabito</strong></span> <span class='ocrx_word' id='word_1_97' title='bbox 965 1757 1105 1820; x_wconf 89' lang='lat' dir='ltr'><strong>voto</strong></span> <span class='ocrx_word' id='word_1_98' title='bbox 1158 1754 1285 1819; x_wconf 84' lang='lat' dir='ltr'><strong>RB.</strong></span> <span class='ocrx_word' id='word_1_99' title='bbox 1336 1753 1468 1820; x_wconf 93' lang='lat' dir='ltr'><strong>DD.</strong></span> <span class='ocrx_word' id='word_1_100' title='bbox 1517 1753 1952 1819; x_wconf 85' lang='lat' dir='ltr'><strong>Consultorum</strong></span> <span class='ocrx_word' id='word_1_101' title='bbox 1999 1753 2487 1837; x_wconf 87' lang='lat' dir='ltr'><strong>respondendnm</strong></span> <span class='ocrx_word' id='word_1_102' title='bbox 2536 1755 2978 1820; x_wconf 81' lang='lat' dir='ltr'><strong>decreverunt:</strong></span> 
     </span>
    </p>

    <p class='ocr_par' dir='ltr' id='par_1_6' title="bbox 765 1856 2920 1941">
     <span class='ocr_line' id='line_1_15' title="bbox 765 1856 2920 1941; baseline 0 -18"><span class='ocrx_word' id='word_1_103' title='bbox 765 1857 893 1923; x_wconf 73' lang='lat' dir='ltr'><strong>Aa.</strong></span> <span class='ocrx_word' id='word_1_104' title='bbox 937 1857 995 1924; x_wconf 87' lang='lat' dir='ltr'><em>L</em></span> <span class='ocrx_word' id='word_1_105' title='bbox 1062 1858 1389 1941; x_wconf 84' lang='lat' dir='ltr'><strong>Negative,</strong></span> <span class='ocrx_word' id='word_1_106' title='bbox 1439 1860 1502 1922; x_wconf 88' lang='lat' dir='ltr'><strong>et</strong></span> <span class='ocrx_word' id='word_1_107' title='bbox 1547 1857 1728 1923; x_wconf 89' lang='lat' dir='ltr'><strong>detur</strong></span> <span class='ocrx_word' id='word_1_108' title='bbox 1775 1856 2110 1922; x_wconf 88' lang='lat' dir='ltr'><strong>Instructio</strong></span> <span class='ocrx_word' id='word_1_109' title='bbox 2159 1858 2259 1921; x_wconf 85' lang='lat'><strong>15.</strong></span> <span class='ocrx_word' id='word_1_110' title='bbox 2309 1857 2680 1923; x_wconf 84' lang='lat' dir='ltr'><strong>Novembris</strong></span> <span class='ocrx_word' id='word_1_111' title='bbox 2731 1858 2920 1925; x_wconf 83' lang='lat'><strong>1858.</strong></span> 
     </span>
    </p>

    <p class='ocr_par' dir='ltr' id='par_1_7' title="bbox 553 1959 3054 2880">
     <span class='ocr_line' id='line_1_16' title="bbox 762 1959 3054 2045; baseline 0 -19"><span class='ocrx_word' id='word_1_112' title='bbox 762 1959 887 2026; x_wconf 73' lang='lat' dir='ltr'><strong>Aa.</strong></span> <span class='ocrx_word' id='word_1_113' title='bbox 934 1961 1032 2030; x_wconf 97' lang='lat' dir='ltr'><strong>II.</strong></span> <span class='ocrx_word' id='word_1_114' title='bbox 1096 1963 1214 2028; x_wconf 88' lang='lat' dir='ltr'><strong>Per</strong></span> <span class='ocrx_word' id='word_1_115' title='bbox 1260 1981 1324 2027; x_wconf 90' lang='lat' dir='ltr'><strong>se</strong></span> <span class='ocrx_word' id='word_1_116' title='bbox 1368 1964 1431 2027; x_wconf 91' lang='lat' dir='ltr'><strong>et</strong></span> <span class='ocrx_word' id='word_1_117' title='bbox 1478 1962 1824 2045; x_wconf 86' lang='lat' dir='ltr'><strong>generatim</strong></span> <span class='ocrx_word' id='word_1_118' title='bbox 1871 1961 2194 2044; x_wconf 87' lang='lat' dir='ltr'><strong>negative,</strong></span> <span class='ocrx_word' id='word_1_119' title='bbox 2257 1963 2321 2026; x_wconf 92' lang='lat' dir='ltr'><strong>et</strong></span> <span class='ocrx_word' id='word_1_120' title='bbox 2367 1961 2444 2026; x_wconf 90' lang='lat' dir='ltr'><strong>ad</strong></span> <span class='ocrx_word' id='word_1_121' title='bbox 2492 1965 2786 2029; x_wconf 89' lang='lat' dir='ltr'><strong>mentem.</strong></span> <span class='ocrx_word' id='word_1_122' title='bbox 2879 1962 3054 2027; x_wconf 75' lang='lat' dir='ltr'><strong>Meus</strong></span> 
     </span>
     <span class='ocr_line' id='line_1_17' title="bbox 555 2065 3049 2150; baseline 0 -19"><span class='ocrx_word' id='word_1_123' title='bbox 555 2066 687 2131; x_wconf 86' lang='lat' dir='ltr'><strong>est:</strong></span> <span class='ocrx_word' id='word_1_124' title='bbox 740 2065 952 2147; x_wconf 80' lang='lat' dir='ltr'><strong>»Quod</strong></span> <span class='ocrx_word' id='word_1_125' title='bbox 997 2065 1051 2130; x_wconf 87' lang='lat' dir='ltr'><strong>si</strong></span> <span class='ocrx_word' id='word_1_126' title='bbox 1094 2066 1157 2130; x_wconf 90' lang='lat' dir='ltr'><strong>in</strong></span> <span class='ocrx_word' id='word_1_127' title='bbox 1198 2066 1404 2150; x_wconf 87' lang='lat' dir='ltr'><strong>aliquo</strong></span> <span class='ocrx_word' id='word_1_128' title='bbox 1450 2084 1599 2131; x_wconf 88' lang='lat' dir='ltr'><strong>casu</strong></span> <span class='ocrx_word' id='word_1_129' title='bbox 1629 2065 2113 2132; x_wconf 85' lang='lat' dir='ltr'><strong>extraordinario</strong></span> <span class='ocrx_word' id='word_1_130' title='bbox 2145 2066 2302 2130; x_wconf 89' lang='lat' dir='ltr'><strong>talia</strong></span> <span class='ocrx_word' id='word_1_131' title='bbox 2332 2070 2703 2131; x_wconf 83' lang='lat' dir='ltr'><strong>concurrant</strong></span> <span class='ocrx_word' id='word_1_132' title='bbox 2732 2065 3049 2150; x_wconf 72' lang='lat' dir='ltr'><strong>adjuncta,</strong></span> 
     </span>
     <span class='ocr_line' id='line_1_18' title="bbox 558 2169 3052 2253; baseline 0.002 -21"><span class='ocrx_word' id='word_1_133' title='bbox 558 2174 629 2233; x_wconf 90' lang='lat' dir='ltr'><strong>ut</strong></span> <span class='ocrx_word' id='word_1_134' title='bbox 678 2169 1014 2253; x_wconf 81' lang='lat' dir='ltr'><strong>Episcopus</strong></span> <span class='ocrx_word' id='word_1_135' title='bbox 1071 2170 1278 2236; x_wconf 87' lang='lat' dir='ltr'><strong>valeat</strong></span> <span class='ocrx_word' id='word_1_136' title='bbox 1337 2170 1454 2235; x_wconf 88' lang='lat' dir='ltr'><strong>sibi</strong></span> <span class='ocrx_word' id='word_1_137' title='bbox 1517 2188 1871 2253; x_wconf 90' lang='lat' dir='ltr'><strong>comparare</strong></span> <span class='ocrx_word' id='word_1_138' title='bbox 1924 2169 2221 2235; x_wconf 88' lang='lat' dir='ltr'><strong>moralem</strong></span> <span class='ocrx_word' id='word_1_139' title='bbox 2287 2169 2725 2235; x_wconf 87' lang='lat' dir='ltr'><strong>certitudinem</strong></span> <span class='ocrx_word' id='word_1_140' title='bbox 2779 2173 2910 2236; x_wconf 87' lang='lat' dir='ltr'><strong>tam</strong></span> <span class='ocrx_word' id='word_1_141' title='bbox 2973 2170 3052 2236; x_wconf 88' lang='lat' dir='ltr'><strong>de</strong></span> 
     </span>
     <span class='ocr_line' id='line_1_19' title="bbox 556 2272 3047 2358; baseline 0.001 -22"><span class='ocrx_word' id='word_1_142' title='bbox 556 2272 909 2355; x_wconf 76' lang='lat' dir='ltr'><strong>huJusmodi</strong></span> <span class='ocrx_word' id='word_1_143' title='bbox 978 2272 1332 2338; x_wconf 85' lang='lat' dir='ltr'><strong>cautionum</strong></span> <span class='ocrx_word' id='word_1_144' title='bbox 1405 2274 1764 2339; x_wconf 83' lang='lat' dir='ltr'><strong>sinceritate</strong></span> <span class='ocrx_word' id='word_1_145' title='bbox 1831 2292 1938 2358; x_wconf 91' lang='lat' dir='ltr'><strong>pro</strong></span> <span class='ocrx_word' id='word_1_146' title='bbox 2016 2274 2358 2357; x_wconf 78' lang='lat' dir='ltr'><strong>praesenti,</strong></span> <span class='ocrx_word' id='word_1_147' title='bbox 2434 2293 2620 2357; x_wconf 89' lang='lat' dir='ltr'><strong>quam</strong></span> <span class='ocrx_word' id='word_1_148' title='bbox 2695 2275 2772 2339; x_wconf 88' lang='lat' dir='ltr'><strong>de</strong></span> <span class='ocrx_word' id='word_1_149' title='bbox 2838 2293 3047 2339; x_wconf 89' lang='lat' dir='ltr'><strong>earum</strong></span> 
     </span>
     <span class='ocr_line' id='line_1_20' title="bbox 556 2375 3048 2462; baseline 0.001 -22"><span class='ocrx_word' id='word_1_150' title='bbox 556 2375 1038 2459; x_wconf 89' lang='lat' dir='ltr'><strong>adimplemento</strong></span> <span class='ocrx_word' id='word_1_151' title='bbox 1098 2397 1207 2461; x_wconf 91' lang='lat' dir='ltr'><strong>pro</strong></span> <span class='ocrx_word' id='word_1_152' title='bbox 1266 2377 1509 2455; x_wconf 85' lang='lat' dir='ltr'><strong>future,</strong></span> <span class='ocrx_word' id='word_1_153' title='bbox 1572 2377 1990 2462; x_wconf 89' lang='lat' dir='ltr'><strong>specialesque</strong></span> <span class='ocrx_word' id='word_1_154' title='bbox 2049 2378 2295 2443; x_wconf 89' lang='lat' dir='ltr'><strong>omniuo</strong></span> <span class='ocrx_word' id='word_1_155' title='bbox 2363 2378 2571 2442; x_wconf 89' lang='lat' dir='ltr'><strong>adsint</strong></span> <span class='ocrx_word' id='word_1_156' title='bbox 2616 2378 2887 2443; x_wconf 87' lang='lat' dir='ltr'><strong>rationes</strong></span> <span class='ocrx_word' id='word_1_157' title='bbox 2932 2379 3048 2443; x_wconf 89' lang='lat' dir='ltr'><strong>im·</strong></span> 
     </span>
     <span class='ocr_line' id='line_1_21' title="bbox 555 2479 3050 2567; baseline 0 -21"><span class='ocrx_word' id='word_1_158' title='bbox 555 2479 871 2565; x_wconf 88' lang='lat' dir='ltr'><strong>pedientes</strong></span> <span class='ocrx_word' id='word_1_159' title='bbox 915 2500 991 2547; x_wconf 88' lang='lat' dir='ltr'><strong>ne</strong></span> <span class='ocrx_word' id='word_1_160' title='bbox 1036 2485 1327 2549; x_wconf 85' lang='lat' dir='ltr'><strong>consueto</strong></span> <span class='ocrx_word' id='word_1_161' title='bbox 1374 2482 1551 2548; x_wconf 89' lang='lat' dir='ltr'><strong>modo</strong></span> <span class='ocrx_word' id='word_1_162' title='bbox 1598 2481 1912 2549; x_wconf 87' lang='lat' dir='ltr'><strong>cantiones</strong></span> <span class='ocrx_word' id='word_1_163' title='bbox 1956 2484 2370 2567; x_wconf 86' lang='lat' dir='ltr'><strong>praestentur,</strong></span> <span class='ocrx_word' id='word_1_164' title='bbox 2413 2482 2608 2566; x_wconf 85' lang='lat' dir='ltr'><strong>ipsius</strong></span> <span class='ocrx_word' id='word_1_165' title='bbox 2643 2483 3050 2549; x_wconf 86' lang='lat' dir='ltr'><strong>conscientiae</strong></span> 
     </span>
     <span class='ocr_line' id='line_1_22' title="bbox 554 2586 3045 2672; baseline 0.001 -21"><span class='ocrx_word' id='word_1_166' title='bbox 554 2589 621 2651; x_wconf 90' lang='lat' dir='ltr'><strong>et</strong></span> <span class='ocrx_word' id='word_1_167' title='bbox 665 2587 1046 2670; x_wconf 86' lang='lat' dir='ltr'><strong>prudentiae.</strong></span> <span class='ocrx_word' id='word_1_168' title='bbox 1143 2586 1549 2671; x_wconf 88' lang='lat' dir='ltr'><strong>Caeteroquin</strong></span> <span class='ocrx_word' id='word_1_169' title='bbox 1606 2607 1722 2652; x_wconf 91' lang='lat' dir='ltr'><strong>non</strong></span> <span class='ocrx_word' id='word_1_170' title='bbox 1785 2589 2073 2652; x_wconf 86' lang='lat' dir='ltr'><strong>obstante</strong></span> <span class='ocrx_word' id='word_1_171' title='bbox 2131 2589 2377 2653; x_wconf 87' lang='lat' dir='ltr'><strong>decreto</strong></span> <span class='ocrx_word' id='word_1_172' title='bbox 2435 2589 2608 2672; x_wconf 87' lang='lat' dir='ltr'><strong>regio</strong></span> <span class='ocrx_word' id='word_1_173' title='bbox 2667 2591 3045 2672; x_wconf 87' lang='lat' dir='ltr'><strong>opportunae</strong></span> 
     </span>
     <span class='ocr_line' id='line_1_23' title="bbox 554 2690 3046 2777; baseline 0 -20"><span class='ocrx_word' id='word_1_174' title='bbox 554 2690 961 2757; x_wconf 84' lang='lat' dir='ltr'><strong>exhibeantur</strong></span> <span class='ocrx_word' id='word_1_175' title='bbox 1002 2690 1065 2755; x_wconf 90' lang='lat' dir='ltr'><strong>in</strong></span> <span class='ocrx_word' id='word_1_176' title='bbox 1106 2692 1354 2775; x_wconf 87' lang='lat' dir='ltr'><strong>scriptis</strong></span> <span class='ocrx_word' id='word_1_177' title='bbox 1401 2693 1753 2767; x_wconf 89' lang='lat' dir='ltr'><strong>cantiones,</strong></span> <span class='ocrx_word' id='word_1_178' title='bbox 1808 2692 1973 2756; x_wconf 91' lang='lat' dir='ltr'><strong>sicut</strong></span> <span class='ocrx_word' id='word_1_179' title='bbox 2019 2693 2333 2776; x_wconf 89' lang='lat' dir='ltr'><strong>hucusque</strong></span> <span class='ocrx_word' id='word_1_180' title='bbox 2378 2692 2616 2758; x_wconf 85' lang='lat' dir='ltr'><strong>factum</strong></span> <span class='ocrx_word' id='word_1_181' title='bbox 2661 2697 2792 2770; x_wconf 75' lang='lat' dir='ltr'><strong>est3</strong></span> <span class='ocrx_word' id='word_1_182' title='bbox 2856 2713 3046 2777; x_wconf 86' lang='lat' dir='ltr'><strong>neque</strong></span> 
     </span>
     <span class='ocr_line' id='line_1_24' title="bbox 553 2795 3039 2880; baseline -0 -21"><span class='ocrx_word' id='word_1_183' title='bbox 553 2795 737 2861; x_wconf 87' lang='lat' dir='ltr'><strong>detur</strong></span> <span class='ocrx_word' id='word_1_184' title='bbox 781 2795 1157 2879; x_wconf 89' lang='lat' dir='ltr'><strong>dispensatio</strong></span> <span class='ocrx_word' id='word_1_185' title='bbox 1190 2796 1305 2861; x_wconf 88' lang='lat' dir='ltr'><strong>nisi</strong></span> <span class='ocrx_word' id='word_1_186' title='bbox 1341 2796 1678 2879; x_wconf 79' lang='lat' dir='ltr'><strong>Episcopus</strong></span> <span class='ocrx_word' id='word_1_187' title='bbox 1710 2795 2028 2862; x_wconf 86' lang='lat' dir='ltr'><strong>moraliter</strong></span> <span class='ocrx_word' id='word_1_188' title='bbox 2060 2799 2265 2861; x_wconf 89' lang='lat' dir='ltr'><strong>certus</strong></span> <span class='ocrx_word' id='word_1_189' title='bbox 2296 2797 2381 2862; x_wconf 86' lang='lat' dir='ltr'><strong>sit</strong></span> <span class='ocrx_word' id='word_1_190' title='bbox 2417 2815 2520 2863; x_wconf 85' lang='lat' dir='ltr'><strong>eas</strong></span> <span class='ocrx_word' id='word_1_191' title='bbox 2551 2796 2878 2880; x_wconf 90' lang='lat' dir='ltr'><strong>impletum</strong></span> <span class='ocrx_word' id='word_1_192' title='bbox 2907 2798 3039 2862; x_wconf 61' lang='lat' dir='ltr'><strong>iris</strong></span> 
     </span>
    </p>

    <p class='ocr_par' dir='ltr' id='par_1_8' title="bbox 762 2900 2922 2983">
     <span class='ocr_line' id='line_1_25' title="bbox 762 2900 2922 2983; baseline 0.001 -17"><span class='ocrx_word' id='word_1_193' title='bbox 762 2901 891 2966; x_wconf 79' lang='lat' dir='ltr'><strong>Ad.</strong></span> <span class='ocrx_word' id='word_1_194' title='bbox 937 2900 1077 2967; x_wconf 75' lang='lat'><strong>111.</strong></span> <span class='ocrx_word' id='word_1_195' title='bbox 1121 2900 1448 2983; x_wconf 81' lang='lat' dir='ltr'><strong>Negative‚</strong></span> <span class='ocrx_word' id='word_1_196' title='bbox 1494 2904 1557 2965; x_wconf 89' lang='lat' dir='ltr'><strong>et</strong></span> <span class='ocrx_word' id='word_1_197' title='bbox 1604 2901 1786 2965; x_wconf 87' lang='lat' dir='ltr'><strong>detur</strong></span> <span class='ocrx_word' id='word_1_198' title='bbox 1831 2900 2173 2966; x_wconf 88' lang='lat' dir='ltr'><strong>Instructio</strong></span> <span class='ocrx_word' id='word_1_199' title='bbox 2220 2902 2320 2968; x_wconf 87' lang='lat'><strong>17.</strong></span> <span class='ocrx_word' id='word_1_200' title='bbox 2366 2900 2681 2966; x_wconf 81' lang='lat' dir='ltr'><strong>Februarii</strong></span> <span class='ocrx_word' id='word_1_201' title='bbox 2737 2901 2922 2969; x_wconf 83' lang='lat'><strong>1864.</strong></span> 
     </span>
    </p>
   </div>
   <div class='ocr_carea' id='block_1_6' title="bbox 1154 3022 2436 3090">
    <p class='ocr_par' dir='ltr' id='par_1_9' title="bbox 1154 3022 2436 3090">
     <span class='ocr_line' id='line_1_26' title="bbox 1154 3022 2436 3090; baseline 0.002 -3"><span class='ocrx_word' id='word_1_202' title='bbox 1154 3022 1352 3088; x_wconf 73' lang='lat' dir='ltr'><strong>Fer-ia</strong></span> <span class='ocrx_word' id='word_1_203' title='bbox 1416 3023 1507 3088; x_wconf 86' lang='lat' dir='ltr'><strong>VI</strong></span> <span class='ocrx_word' id='word_1_204' title='bbox 1545 3023 1650 3089; x_wconf 80' lang='lat' dir='ltr'><strong>die</strong></span> <span class='ocrx_word' id='word_1_205' title='bbox 1692 3029 1794 3089; x_wconf 75' lang='lat'><strong>12.</strong></span> <span class='ocrx_word' id='word_1_206' title='bbox 1838 3022 2203 3090; x_wconf 76' lang='lat' dir='ltr'><strong>Decembris</strong></span> <span class='ocrx_word' id='word_1_207' title='bbox 2247 3028 2436 3089; x_wconf 81' lang='lat'><strong>1902.</strong></span> 
     </span>
    </p>
   </div>
   <div class='ocr_carea' id='block_1_7' title="bbox 556 3143 3045 3436">
    <p class='ocr_par' dir='ltr' id='par_1_10' title="bbox 556 3143 3045 3436">
     <span class='ocr_line' id='line_1_27' title="bbox 762 3143 3045 3213; baseline 0.002 -7"><span class='ocrx_word' id='word_1_208' title='bbox 762 3143 957 3208; x_wconf 83' lang='lat' dir='ltr'><strong>Facta</strong></span> <span class='ocrx_word' id='word_1_209' title='bbox 1001 3144 1209 3208; x_wconf 88' lang='lat' dir='ltr'><strong>autem</strong></span> <span class='ocrx_word' id='word_1_210' title='bbox 1257 3162 1295 3208; x_wconf 92' lang='lat' dir='ltr'><strong>a</strong></span> <span class='ocrx_word' id='word_1_211' title='bbox 1346 3144 1417 3209; x_wconf 80' lang='lat' dir='ltr'><strong>R.</strong></span> <span class='ocrx_word' id='word_1_212' title='bbox 1463 3144 1531 3209; x_wconf 87' lang='lat' dir='ltr'><strong>P.</strong></span> <span class='ocrx_word' id='word_1_213' title='bbox 1579 3144 1653 3213; x_wconf 87' lang='lat' dir='ltr'><strong>D.</strong></span> <span class='ocrx_word' id='word_1_214' title='bbox 1702 3144 2040 3210; x_wconf 81' lang='lat' dir='ltr'><strong>Adsessore</strong></span> <span class='ocrx_word' id='word_1_215' title='bbox 2085 3143 2148 3210; x_wconf 89' lang='lat' dir='ltr'><strong>S.</strong></span> <span class='ocrx_word' id='word_1_216' title='bbox 2194 3144 2266 3211; x_wconf 92' lang='grc' dir='ltr'><strong>Ο.</strong></span> <span class='ocrx_word' id='word_1_217' title='bbox 2313 3145 2612 3210; x_wconf 88' lang='lat' dir='ltr'><strong>relatione</strong></span> <span class='ocrx_word' id='word_1_218' title='bbox 2655 3144 2734 3210; x_wconf 90' lang='lat' dir='ltr'><strong>de</strong></span> <span class='ocrx_word' id='word_1_219' title='bbox 2782 3146 2878 3211; x_wconf 84' lang='lat' dir='ltr'><strong>his</strong></span> <span class='ocrx_word' id='word_1_220' title='bbox 2913 3164 3045 3212; x_wconf 90' lang='lat' dir='ltr'><strong>om·</strong></span> 
     </span>
     <span class='ocr_line' id='line_1_28' title="bbox 556 3244 3036 3328; baseline 0.002 -18"><span class='ocrx_word' id='word_1_221' title='bbox 556 3246 737 3311; x_wconf 88' lang='lat' dir='ltr'><strong>nibus</strong></span> <span class='ocrx_word' id='word_1_222' title='bbox 782 3244 991 3311; x_wconf 88' lang='lat' dir='ltr'><strong>SSmo.</strong></span> <span class='ocrx_word' id='word_1_223' title='bbox 1043 3246 1114 3314; x_wconf 89' lang='lat' dir='ltr'><strong>D.</strong></span> <span class='ocrx_word' id='word_1_224' title='bbox 1165 3248 1241 3314; x_wconf 83' lang='lat' dir='ltr'><strong>N.</strong></span> <span class='ocrx_word' id='word_1_225' title='bbox 1293 3248 1477 3313; x_wconf 89' lang='lat' dir='ltr'><strong>Leoni</strong></span> <span class='ocrx_word' id='word_1_226' title='bbox 1530 3248 1649 3314; x_wconf 88' lang='grc' dir='ltr'><strong>ΡΡ.</strong></span> <span class='ocrx_word' id='word_1_227' title='bbox 1698 3248 1915 3328; x_wconf 84' lang='grc' dir='ltr'><strong>ΧΙΙῙ.,</strong></span> <span class='ocrx_word' id='word_1_228' title='bbox 1981 3248 2152 3313; x_wconf 92' lang='lat' dir='ltr'><strong>Idem</strong></span> <span class='ocrx_word' id='word_1_229' title='bbox 2213 3248 2444 3315; x_wconf 90' lang='lat' dir='ltr'><strong>SSmus</strong></span> <span class='ocrx_word' id='word_1_230' title='bbox 2495 3250 2571 3318; x_wconf 92' lang='lat' dir='ltr'><strong>D.</strong></span> <span class='ocrx_word' id='word_1_231' title='bbox 2617 3249 2700 3318; x_wconf 89' lang='lat' dir='ltr'><strong>N.</strong></span> <span class='ocrx_word' id='word_1_232' title='bbox 2753 3250 3036 3316; x_wconf 78' lang='lat' dir='ltr'><strong>Emorum</strong></span> 
     </span>
     <span class='ocr_line' id='line_1_29' title="bbox 556 3350 1596 3436; baseline 0.001 -20"><span class='ocrx_word' id='word_1_233' title='bbox 556 3351 681 3416; x_wconf 89' lang='grc' dir='ltr'><strong>ΡΡ.</strong></span> <span class='ocrx_word' id='word_1_234' title='bbox 726 3350 1161 3417; x_wconf 88' lang='lat' dir='ltr'><strong>resolutionem</strong></span> <span class='ocrx_word' id='word_1_235' title='bbox 1212 3354 1596 3436; x_wconf 81' lang='lat' dir='ltr'><strong>approbavit.</strong></span> 
     </span>
    </p>
   </div>
   <div class='ocr_carea' id='block_1_8' title="bbox 1096 3472 2500 3553">
    <p class='ocr_par' dir='ltr' id='par_1_11' title="bbox 1096 3472 2500 3553">
     <span class='ocr_line' id='line_1_30' title="bbox 1096 3472 2500 3553; baseline 0.003 -13"><span class='ocrx_word' id='word_1_236' title='bbox 1096 3473 1168 3540; x_wconf 87' lang='lat' dir='ltr'><strong>J.</strong></span> <span class='ocrx_word' id='word_1_237' title='bbox 1211 3472 1369 3542; x_wconf 79' lang='lat' dir='ltr'><strong>Gan.</strong></span> <span class='ocrx_word' id='word_1_238' title='bbox 1417 3476 1740 3553; x_wconf 78' lang='lat' dir='ltr'><strong>Mancini,</strong></span> <span class='ocrx_word' id='word_1_239' title='bbox 1788 3475 1854 3542; x_wconf 81' lang='lat' dir='ltr'><strong>S.</strong></span> <span class='ocrx_word' id='word_1_240' title='bbox 1898 3474 1981 3542; x_wconf 86' lang='lat' dir='ltr'><strong>R.</strong></span> <span class='ocrx_word' id='word_1_241' title='bbox 2029 3481 2085 3541; x_wconf 74' lang='lat' dir='ltr'><strong>et</strong></span> <span class='ocrx_word' id='word_1_242' title='bbox 2134 3476 2204 3544; x_wconf 89' lang='lat' dir='ltr'><strong>U.</strong></span> <span class='ocrx_word' id='word_1_243' title='bbox 2251 3479 2308 3544; x_wconf 93' lang='lat' dir='ltr'><strong>I.</strong></span> <span class='ocrx_word' id='word_1_244' title='bbox 2353 3476 2500 3544; x_wconf 79' lang='lat' dir='ltr'><strong>Not.</strong></span> 
     </span>
    </p>
   </div>
   <div class='ocr_carea' id='block_1_9' title="bbox 552 3594 3038 4719">
    <p class='ocr_par' dir='ltr' id='par_1_12' title="bbox 556 3594 3034 3749">
     <span class='ocr_line' id='line_1_31' title="bbox 765 3594 3034 3679; baseline 0.002 -21"><span class='ocrx_word' id='word_1_245' title='bbox 765 3594 879 3660; x_wconf 86' lang='lat' dir='ltr'><strong>Die</strong></span> <span class='ocrx_word' id='word_1_246' title='bbox 936 3594 1401 3679; x_wconf 74' lang='lat' dir='ltr'><strong>einscblagigen</strong></span> <span class='ocrx_word' id='word_1_247' title='bbox 1461 3595 1697 3662; x_wconf 88' lang='lat' dir='ltr'><strong>Stellen</strong></span> <span class='ocrx_word' id='word_1_248' title='bbox 1753 3596 1859 3661; x_wconf 88' lang='lat' dir='ltr'><strong>der</strong></span> <span class='ocrx_word' id='word_1_249' title='bbox 1901 3597 2248 3663; x_wconf 80' lang='lat' dir='ltr'><strong>Instructio</strong></span> <span class='ocrx_word' id='word_1_250' title='bbox 2299 3599 2521 3664; x_wconf 78' lang='lat' dir='ltr'><strong>»Etsi«</strong></span> <span class='ocrx_word' id='word_1_251' title='bbox 2578 3617 2713 3662; x_wconf 86' lang='lat' dir='ltr'><strong>vom</strong></span> <span class='ocrx_word' id='word_1_252' title='bbox 2767 3597 2866 3664; x_wconf 85' lang='lat'><strong>15.</strong></span> <span class='ocrx_word' id='word_1_253' title='bbox 2913 3598 3034 3664; x_wconf 80' lang='lat' dir='ltr'><strong>No·</strong></span> 
     </span>
     <span class='ocr_line' id='line_1_32' title="bbox 556 3681 1321 3749; baseline 0.003 -3"><span class='ocrx_word' id='word_1_254' title='bbox 556 3681 803 3746; x_wconf 86' lang='lat' dir='ltr'><strong>vember</strong></span> <span class='ocrx_word' id='word_1_255' title='bbox 853 3681 1020 3747; x_wconf 78' lang='lat'>1858</span> <span class='ocrx_word' id='word_1_256' title='bbox 1066 3684 1321 3749; x_wconf 87' lang='lat' dir='ltr'><strong>lauten:</strong></span> 
     </span>
    </p>

    <p class='ocr_par' dir='ltr' id='par_1_13' title="bbox 552 3767 3038 4719">
     <span class='ocr_line' id='line_1_33' title="bbox 764 3767 3037 3853; baseline 0.001 -21"><span class='ocrx_word' id='word_1_257' title='bbox 764 3767 905 3834; x_wconf 88' lang='lat' dir='ltr'><strong>Huc</strong></span> <span class='ocrx_word' id='word_1_258' title='bbox 941 3771 1188 3834; x_wconf 91' lang='lat' dir='ltr'><strong>omnino</strong></span> <span class='ocrx_word' id='word_1_259' title='bbox 1234 3769 1543 3852; x_wconf 88' lang='lat' dir='ltr'><strong>pertinent</strong></span> <span class='ocrx_word' id='word_1_260' title='bbox 1586 3769 1999 3853; x_wconf 87' lang='lat' dir='ltr'><strong>antiquissimi</strong></span> <span class='ocrx_word' id='word_1_261' title='bbox 2042 3788 2303 3835; x_wconf 89' lang='lat' dir='ltr'><strong>canones</strong></span> <span class='ocrx_word' id='word_1_262' title='bbox 2342 3770 2477 3853; x_wconf 89' lang='lat' dir='ltr'><strong>ipsa</strong></span> <span class='ocrx_word' id='word_1_263' title='bbox 2509 3771 2704 3835; x_wconf 83' lang='lat' dir='ltr'><strong>mixta</strong></span> <span class='ocrx_word' id='word_1_264' title='bbox 2734 3771 3037 3837; x_wconf 85' lang='lat' dir='ltr'><strong>connubia</strong></span> 
     </span>
     <span class='ocr_line' id='line_1_34' title="bbox 552 3855 3038 3934; baseline 0.002 -16"><span class='ocrx_word' id='word_1_265' title='bbox 552 3872 759 3920; x_wconf 87' lang='lat' dir='ltr'><strong>severe</strong></span> <span class='ocrx_word' id='word_1_266' title='bbox 804 3856 1257 3934; x_wconf 84' lang='lat' dir='ltr'><strong>interdicentes,</strong></span> <span class='ocrx_word' id='word_1_267' title='bbox 1308 3876 1380 3922; x_wconf 90' lang='lat' dir='ltr'><strong>ac</strong></span> <span class='ocrx_word' id='word_1_268' title='bbox 1416 3858 1872 3922; x_wconf 87' lang='lat' dir='ltr'><strong>recentissimae</strong></span> <span class='ocrx_word' id='word_1_269' title='bbox 1918 3855 2309 3921; x_wconf 89' lang='lat' dir='ltr'><strong>Summorum</strong></span> <span class='ocrx_word' id='word_1_270' title='bbox 2357 3856 2727 3922; x_wconf 84' lang='lat' dir='ltr'><strong>Pontificum</strong></span> <span class='ocrx_word' id='word_1_271' title='bbox 2773 3858 3038 3923; x_wconf 88' lang='lat' dir='ltr'><strong>sanctio·</strong></span> 
     </span>
     <span class='ocr_line' id='line_1_35' title="bbox 554 3943 3035 4029; baseline 0.001 -23"><span class='ocrx_word' id='word_1_272' title='bbox 554 3960 663 4006; x_wconf 89' lang='lat' dir='ltr'><strong>nes</strong></span> <span class='ocrx_word' id='word_1_273' title='bbox 707 3989 722 4004; x_wconf 94' lang='lat'><strong>.</strong></span> <span class='ocrx_word' id='word_1_274' title='bbox 775 3991 788 4006; x_wconf 95' lang='lat'><strong>.</strong></span> <span class='ocrx_word' id='word_1_275' title='bbox 842 3991 856 4005; x_wconf 90' lang='lat'><strong>.</strong></span> <span class='ocrx_word' id='word_1_276' title='bbox 904 3990 921 4009; x_wconf 88' lang='lat'><strong>.</strong></span> <span class='ocrx_word' id='word_1_277' title='bbox 972 3944 1133 4010; x_wconf 84' lang='lat' dir='ltr'><strong>Hinc</strong></span> <span class='ocrx_word' id='word_1_278' title='bbox 1178 3963 1354 4029; x_wconf 90' lang='lat' dir='ltr'><strong>porro</strong></span> <span class='ocrx_word' id='word_1_279' title='bbox 1399 3945 1639 4023; x_wconf 87' lang='lat' dir='ltr'><strong>evenit,</strong></span> <span class='ocrx_word' id='word_1_280' title='bbox 1705 3947 1776 4010; x_wconf 91' lang='lat' dir='ltr'><strong>ut</strong></span> <span class='ocrx_word' id='word_1_281' title='bbox 1835 3944 1988 4008; x_wconf 89' lang='lat' dir='ltr'><strong>haec</strong></span> <span class='ocrx_word' id='word_1_282' title='bbox 2039 3944 2394 4026; x_wconf 84' lang='lat' dir='ltr'><strong>Apostolica</strong></span> <span class='ocrx_word' id='word_1_283' title='bbox 2441 3943 2663 4021; x_wconf 88' lang='lat' dir='ltr'><strong>Sedes,</strong></span> <span class='ocrx_word' id='word_1_284' title='bbox 2728 3946 2805 4009; x_wconf 88' lang='lat' dir='ltr'><strong>ad</strong></span> <span class='ocrx_word' id='word_1_285' title='bbox 2855 3962 3035 4028; x_wconf 90' lang='lat' dir='ltr'><strong>quam</strong></span> 
     </span>
     <span class='ocr_line' id='line_1_36' title="bbox 556 4027 3038 4115; baseline 0.001 -24"><span class='ocrx_word' id='word_1_286' title='bbox 556 4027 734 4093; x_wconf 89' lang='lat' dir='ltr'><strong>unice</strong></span> <span class='ocrx_word' id='word_1_287' title='bbox 779 4032 1020 4110; x_wconf 87' lang='lat' dir='ltr'><strong>spectat</strong></span> <span class='ocrx_word' id='word_1_288' title='bbox 1066 4034 1338 4113; x_wconf 90' lang='lat' dir='ltr'><strong>potestas</strong></span> <span class='ocrx_word' id='word_1_289' title='bbox 1383 4031 1774 4112; x_wconf 89' lang='lat' dir='ltr'><strong>dispensandi</strong></span> <span class='ocrx_word' id='word_1_290' title='bbox 1824 4048 2007 4112; x_wconf 90' lang='lat' dir='ltr'><strong>super</strong></span> <span class='ocrx_word' id='word_1_291' title='bbox 2053 4030 2406 4113; x_wconf 89' lang='lat' dir='ltr'><strong>hujusmodi</strong></span> <span class='ocrx_word' id='word_1_292' title='bbox 2453 4031 2679 4096; x_wconf 87' lang='lat' dir='ltr'><strong>mixtae</strong></span> <span class='ocrx_word' id='word_1_293' title='bbox 2725 4031 3038 4115; x_wconf 86' lang='lat' dir='ltr'><strong>religionis</strong></span> 
     </span>
     <span class='ocr_line' id='line_1_37' title="bbox 554 4114 3038 4200; baseline 0.002 -22"><span class='ocrx_word' id='word_1_294' title='bbox 554 4114 1013 4198; x_wconf 89' lang='lat' dir='ltr'><strong>impedimento,</strong></span> <span class='ocrx_word' id='word_1_295' title='bbox 1062 4118 1113 4181; x_wconf 88' lang='lat' dir='ltr'><strong>si</strong></span> <span class='ocrx_word' id='word_1_296' title='bbox 1156 4117 1230 4180; x_wconf 89' lang='lat' dir='ltr'><strong>de</strong></span> <span class='ocrx_word' id='word_1_297' title='bbox 1277 4136 1576 4181; x_wconf 88' lang='lat' dir='ltr'><strong>canonum</strong></span> <span class='ocrx_word' id='word_1_298' title='bbox 1625 4116 1956 4181; x_wconf 86' lang='lat' dir='ltr'><strong>severitate</strong></span> <span class='ocrx_word' id='word_1_299' title='bbox 2004 4117 2238 4200; x_wconf 89' lang='lat' dir='ltr'><strong>aliquid</strong></span> <span class='ocrx_word' id='word_1_300' title='bbox 2267 4117 2613 4195; x_wconf 88' lang='lat' dir='ltr'><strong>remittens,</strong></span> <span class='ocrx_word' id='word_1_301' title='bbox 2662 4119 2859 4184; x_wconf 84' lang='lat' dir='ltr'><strong>mixta</strong></span> <span class='ocrx_word' id='word_1_302' title='bbox 2892 4118 3038 4184; x_wconf 86' lang='lat' dir='ltr'><strong>haec</strong></span> 
     </span>
     <span class='ocr_line' id='line_1_38' title="bbox 554 4200 3038 4290; baseline 0.001 -25"><span class='ocrx_word' id='word_1_303' title='bbox 554 4200 845 4285; x_wconf 86' lang='lat' dir='ltr'><strong>conjugia</strong></span> <span class='ocrx_word' id='word_1_304' title='bbox 890 4203 1253 4287; x_wconf 88' lang='lat' dir='ltr'><strong>quandoque</strong></span> <span class='ocrx_word' id='word_1_305' title='bbox 1302 4204 1672 4285; x_wconf 82' lang='lat' dir='ltr'><strong>permiserit,</strong></span> <span class='ocrx_word' id='word_1_306' title='bbox 1719 4203 1780 4265; x_wconf 91' lang='lat' dir='ltr'><strong>id</strong></span> <span class='ocrx_word' id='word_1_307' title='bbox 1829 4203 2122 4286; x_wconf 85' lang='lat' dir='ltr'><strong>gravibus</strong></span> <span class='ocrx_word' id='word_1_308' title='bbox 2168 4204 2471 4270; x_wconf 85' lang='lat' dir='ltr'><strong>duntaxat</strong></span> <span class='ocrx_word' id='word_1_309' title='bbox 2515 4204 2589 4269; x_wconf 92' lang='lat' dir='ltr'><strong>de</strong></span> <span class='ocrx_word' id='word_1_310' title='bbox 2620 4207 2828 4271; x_wconf 87' lang='lat' dir='ltr'><strong>causis</strong></span> <span class='ocrx_word' id='word_1_311' title='bbox 2861 4223 3038 4290; x_wconf 86' lang='lat' dir='ltr'><strong>aegre</strong></span> 
     </span>
     <span class='ocr_line' id='line_1_39' title="bbox 555 4288 3028 4375; baseline 0.001 -22"><span class='ocrx_word' id='word_1_312' title='bbox 555 4288 886 4353; x_wconf 91' lang='lat' dir='ltr'><strong>admodum</strong></span> <span class='ocrx_word' id='word_1_313' title='bbox 936 4289 1115 4366; x_wconf 80' lang='lat' dir='ltr'><strong>fecit,</strong></span> <span class='ocrx_word' id='word_1_314' title='bbox 1180 4293 1244 4355; x_wconf 90' lang='lat' dir='ltr'><strong>et</strong></span> <span class='ocrx_word' id='word_1_315' title='bbox 1299 4292 1538 4355; x_wconf 89' lang='lat' dir='ltr'><strong>nonnisi</strong></span> <span class='ocrx_word' id='word_1_316' title='bbox 1585 4290 1699 4355; x_wconf 90' lang='lat' dir='ltr'><strong>sub</strong></span> <span class='ocrx_word' id='word_1_317' title='bbox 1741 4308 2024 4373; x_wconf 88' lang='lat' dir='ltr'><strong>expressa</strong></span> <span class='ocrx_word' id='word_1_318' title='bbox 2069 4310 2311 4375; x_wconf 90' lang='lat' dir='ltr'><strong>semper</strong></span> <span class='ocrx_word' id='word_1_319' title='bbox 2346 4292 2694 4357; x_wconf 85' lang='lat' dir='ltr'><strong>conditione</strong></span> <span class='ocrx_word' id='word_1_320' title='bbox 2742 4293 2817 4357; x_wconf 90' lang='lat' dir='ltr'><strong>de</strong></span> <span class='ocrx_word' id='word_1_321' title='bbox 2865 4310 3028 4375; x_wconf 87' lang='lat' dir='ltr'><strong>prae-</strong></span> 
     </span>
     <span class='ocr_line' id='line_1_40' title="bbox 554 4374 3034 4461; baseline 0.002 -23"><span class='ocrx_word' id='word_1_322' title='bbox 554 4374 878 4440; x_wconf 83' lang='lat' dir='ltr'><strong>mittendis</strong></span> <span class='ocrx_word' id='word_1_323' title='bbox 926 4375 1285 4439; x_wconf 87' lang='lat' dir='ltr'><strong>necessariis</strong></span> <span class='ocrx_word' id='word_1_324' title='bbox 1333 4379 1811 4461; x_wconf 87' lang='lat' dir='ltr'><strong>opportunisque</strong></span> <span class='ocrx_word' id='word_1_325' title='bbox 1857 4377 2285 4452; x_wconf 86' lang='lat' dir='ltr'><strong>cautionibus,</strong></span> <span class='ocrx_word' id='word_1_326' title='bbox 2349 4382 2418 4441; x_wconf 90' lang='lat' dir='ltr'><strong>ut</strong></span> <span class='ocrx_word' id='word_1_327' title='bbox 2479 4378 2721 4443; x_wconf 90' lang='lat' dir='ltr'><strong>scilicet</strong></span> <span class='ocrx_word' id='word_1_328' title='bbox 2778 4397 2898 4443; x_wconf 90' lang='lat' dir='ltr'><strong>non</strong></span> <span class='ocrx_word' id='word_1_329' title='bbox 2945 4398 3034 4444; x_wconf 92' lang='lat' dir='ltr'><strong>so·</strong></span> 
     </span>
     <span class='ocr_line' id='line_1_41' title="bbox 555 4459 3036 4548; baseline 0.002 -25"><span class='ocrx_word' id='word_1_330' title='bbox 555 4459 683 4524; x_wconf 91' lang='lat' dir='ltr'><strong>lum</strong></span> <span class='ocrx_word' id='word_1_331' title='bbox 733 4460 1073 4524; x_wconf 84' lang='lat' dir='ltr'><strong>catholicus</strong></span> <span class='ocrx_word' id='word_1_332' title='bbox 1121 4462 1338 4541; x_wconf 88' lang='lat' dir='ltr'><strong>conjnx</strong></span> <span class='ocrx_word' id='word_1_333' title='bbox 1386 4464 1464 4526; x_wconf 88' lang='lat' dir='ltr'><strong>ab</strong></span> <span class='ocrx_word' id='word_1_334' title='bbox 1512 4462 1858 4526; x_wconf 86' lang='lat' dir='ltr'><strong>acatholico</strong></span> <span class='ocrx_word' id='word_1_335' title='bbox 1906 4464 2170 4545; x_wconf 86' lang='lat' dir='ltr'><strong>perverti</strong></span> <span class='ocrx_word' id='word_1_336' title='bbox 2235 4482 2352 4529; x_wconf 89' lang='lat' dir='ltr'><strong>nou</strong></span> <span class='ocrx_word' id='word_1_337' title='bbox 2418 4469 2657 4546; x_wconf 90' lang='lat' dir='ltr'><strong>posset,</strong></span> <span class='ocrx_word' id='word_1_338' title='bbox 2719 4464 2866 4548; x_wconf 90' lang='lat' dir='ltr'><strong>quin</strong></span> <span class='ocrx_word' id='word_1_339' title='bbox 2919 4465 3036 4529; x_wconf 93' lang='lat' dir='ltr'><strong>imo</strong></span> 
     </span>
     <span class='ocr_line' id='line_1_42' title="bbox 554 4544 3036 4632; baseline 0.003 -27"><span class='ocrx_word' id='word_1_340' title='bbox 554 4544 898 4609; x_wconf 85' lang='lat' dir='ltr'><strong>catholicus</strong></span> <span class='ocrx_word' id='word_1_341' title='bbox 943 4547 1072 4626; x_wconf 87' lang='lat' dir='ltr'><strong>ipse</strong></span> <span class='ocrx_word' id='word_1_342' title='bbox 1121 4548 1338 4627; x_wconf 76' lang='lat' dir='ltr'><strong>conjux</strong></span> <span class='ocrx_word' id='word_1_343' title='bbox 1382 4548 1575 4612; x_wconf 81' lang='lat' dir='ltr'><strong>teneri</strong></span> <span class='ocrx_word' id='word_1_344' title='bbox 1626 4567 1692 4611; x_wconf 91' lang='lat' dir='ltr'><strong>se</strong></span> <span class='ocrx_word' id='word_1_345' title='bbox 1736 4548 1923 4611; x_wconf 89' lang='lat' dir='ltr'><strong>sciret</strong></span> <span class='ocrx_word' id='word_1_346' title='bbox 1967 4550 2046 4613; x_wconf 90' lang='lat' dir='ltr'><strong>ad</strong></span> <span class='ocrx_word' id='word_1_347' title='bbox 2096 4549 2504 4616; x_wconf 85' lang='lat' dir='ltr'><strong>acatholicum</strong></span> <span class='ocrx_word' id='word_1_348' title='bbox 2551 4570 2656 4632; x_wconf 90' lang='lat' dir='ltr'><strong>pro</strong></span> <span class='ocrx_word' id='word_1_349' title='bbox 2695 4553 2929 4616; x_wconf 88' lang='lat' dir='ltr'><strong>viribus</strong></span> <span class='ocrx_word' id='word_1_350' title='bbox 2963 4550 3036 4614; x_wconf 89' lang='lat' dir='ltr'><strong>ab</strong></span> 
     </span>
     <span class='ocr_line' id='line_1_43' title="bbox 555 4630 3036 4719; baseline 0.005 -30"><span class='ocrx_word' id='word_1_351' title='bbox 555 4647 759 4692; x_wconf 88' lang='lat' dir='ltr'><strong>errore</strong></span> <span class='ocrx_word' id='word_1_352' title='bbox 805 4630 1260 4707; x_wconf 85' lang='lat' dir='ltr'><strong>retrahendum,</strong></span> <span class='ocrx_word' id='word_1_353' title='bbox 1310 4651 1516 4696; x_wconf 84' lang='lat' dir='ltr'><strong>verum</strong></span> <span class='ocrx_word' id='word_1_354' title='bbox 1569 4633 1782 4701; x_wconf 85' lang='lat' dir='ltr'><strong>etiam,</strong></span> <span class='ocrx_word' id='word_1_355' title='bbox 1828 4637 1899 4697; x_wconf 88' lang='lat' dir='ltr'><strong>ut</strong></span> <span class='ocrx_word' id='word_1_356' title='bbox 1945 4636 2230 4699; x_wconf 88' lang='lat' dir='ltr'><strong>universa</strong></span> <span class='ocrx_word' id='word_1_357' title='bbox 2263 4637 2583 4719; x_wconf 88' lang='lat' dir='ltr'><strong>utriusque</strong></span> <span class='ocrx_word' id='word_1_358' title='bbox 2612 4654 2788 4701; x_wconf 82' lang='lat' dir='ltr'><strong>sexus</strong></span> <span class='ocrx_word' id='word_1_359' title='bbox 2822 4637 3036 4719; x_wconf 83' lang='lat' dir='ltr'><strong>proles,</strong></span> 
     </span>
    </p>
   </div>
  </div>
 </body>
</html>
