3303 5013
481 287 611 352 714
1326 306 1672 362 ltin-emicho
1714 302 2116 362 Aktennackc

486 478 547 545 in
598 478 966 545 testimoniis
1013 498 1050 543 a
1096 478 1281 544 Curia
1323 479 1599 546 collectis
1644 478 1973 547 invenitur.
2067 478 2429 558 Caeterum,
2492 479 2584 545 ait
2633 480 2974 547 advocatus

487 585 676 650 etiam
725 582 1013 649 admissis
1062 583 1254 649 veluti
1302 583 1460 649 veris
1500 582 1668 649 hisce
1698 583 2198 668 depositionibuS,
2238 602 2478 668 semper
2512 586 2723 651 tamen
2756 586 2973 650 manet

484 687 763 767 dubium,
807 707 887 753 an
932 687 1252 772 Capeliani
1288 687 1593 754 Paroohos
1620 687 2042 754 coadiuverint
2073 706 2213 752 cnm
2246 687 2453 753 animo
2481 706 2613 755 sese
2643 688 2972 773 obligandi

484 790 578 857 vei
627 792 827 875 potius
872 810 945 857 ex
981 793 1319 876 spontaneo
1362 793 1489 857 zelo
1540 793 1727 859 moti:
1774 792 1834 857 iu
1882 790 2067 858 dubio
2115 792 2325 858 autem
2366 790 2611 858 animus
2643 810 2776 857 sese
2808 791 2974 857 obii-

488 896 680 980 gandi
726 897 1105 966 excluditur:
1177 899 1283 978 „In
1340 898 1526 965 dubio
1585 916 1662 964 an
1724 897 2100 965 consuetudo
2154 916 2230 962 ex
2275 896 2595 964 devotione
2640 897 2970 963 dumtaxat

489 1000 585 1065 vel
639 1001 845 1066 animo
904 1020 969 1067 se
1030 1002 1346 1088 obligandi
1407 1002 1525 1079 sit;
1594 1002 2010 1070 introductam
2079 1000 2590 1086 praesumendum
2658 1003 2753 1067 est
2820 1020 2967 1067 con-

490 1105 877 1171 suetudinem
923 1106 1128 1190 potins
1175 1126 1307 1173 esse
1346 1107 1688 1174 devotionis
1731 1126 1915 1191 quam
1955 1106 2370 1191 obligationis,
2414 1106 2624 1191 sicque
2652 1105 2970 1172 continere

487 1211 664 1276 actus
707 1229 870 1276 mere
916 1211 1345 1279 facultativos‘
1396 1211 1842 1297 (Reiffenstuel
1884 1212 1994 1291 ibi,
2037 1232 2097 1278 n.
2141 1211 2321 1288 130).

694 1341 923 1408 Atvero
967 1342 1115 1426 quid
1160 1341 1507 1417 dicendum,
1564 1342 1768 1426 pergit
1820 1344 2045 1422 orator,
2101 1343 2155 1408 si
2202 1343 2527 1426 praetensa
2585 1340 2965 1406 consuetudo

494 1464 614 1510 non
662 1445 1003 1512 existeret?
1091 1447 1462 1530 Capellanus
1507 1444 1749 1514 Grifoni
1795 1447 2003 1532 plnres
2067 1447 2294 1531 profert
2338 1448 2549 1523 testes,
2608 1445 2772 1511 inter
2816 1463 2971 1529 quos

489 1549 765 1615 nonnulli
812 1553 1217 1616 numerantur
1261 1551 1609 1618 sacerdotes
1654 1551 1717 1616 in
1757 1550 2067 1636 dignitate
2110 1549 2459 1629 constituti,
2505 1549 2610 1633 qui
2652 1549 2767 1613 sub
2800 1549 2970 1614 iura·

490 1655 695 1719 mento
765 1653 1096 1738 deponunt,
1171 1657 1305 1737 fere
1371 1677 1697 1741 nunquam
1767 1655 2128 1740 capellanos
2201 1654 2308 1721 SS.
2388 1653 2671 1719 Nominis
2731 1652 2969 1719 Mariae

487 1757 885 1824 coadiuvasse
930 1759 1221 1841 parochos
1268 1759 1538 1827 locorum
1585 1759 1894 1843 Orespino
1936 1761 2000 1825 et
2047 1759 2359 1841 Tripalle,
2425 1760 2488 1824 et
2533 1757 2588 1824 si
2633 1757 2970 1841 aliqnando

488 1859 603 1926 boc
646 1861 891 1941 accidit,
939 1863 1175 1929 nonnisi
1219 1864 1411 1930 libere
1453 1864 1701 1929 omnino
1753 1882 1827 1929 ac
1871 1865 2087 1948 sponte
2132 1863 2224 1929 ita
2270 1864 2549 1947 egerunt.

694 1992 870 2059 Haec
909 1996 1135 2072 omnia,
1196 1995 1412 2062 subdit
1455 1994 1810 2073 advocatae,
1876 1993 2318 2061 confirmantur
2375 2011 2449 2059 ex
2502 2011 2574 2059 eo
2624 1991 2808 2077 quod,
2874 1992 2971 2059 uti

491 2094 671 2161 fidem
728 2096 881 2164 facit
923 2099 1434 2183 Arcbiepiscopns
1476 2099 1739 2164 Pisanus
1792 2099 1855 2164 in
1918 2118 2031 2164 sua
2092 2098 2390 2163 relatione
2449 2097 2526 2163 ad
2588 2097 2648 2162 S.
2698 2096 2972 2181 Congre-

490 2199 802 2283 gationem
854 2202 972 2270 RE.
1021 2209 1084 2267 et
1127 2193 1283 2283 BR:
1321 2205 1385 2268 in
1416 2202 1701 2270 Oratorio
1749 2204 1864 2269 ioci
1902 2203 2245 2271 Belvedere
2293 2220 2603 2287 nunquam
2651 2200 2974 2267 extiterint

490 2322 638 2370 vasa
702 2323 879 2371 sacra
949 2326 1059 2372 nec
1119 2309 1362 2373 coetera
1420 2307 1835 2391 supellectilia
1902 2326 2008 2391 pro
2054 2306 2165 2374 SS.
2212 2306 2441 2373 viatici
2509 2308 2575 2372 et
2645 2306 2971 2371 Extremae

489 2406 817 2476 Unctionis
863 2410 1417 2491 administratione,
1466 2412 1983 2495 quemadmodum
2023 2413 2220 2497 liquet
2262 2430 2332 2476 ex
2381 2410 2726 2477 inventario
2772 2410 2971 2493 ipsius

490 2511 780 2598 Capellae
821 2516 979 2600 quod
1026 2518 1086 2582 in
1134 2517 1321 2585 Curia
1353 2517 1581 2584 Pisana
1625 2518 1946 2602 reperitur.

698 2645 954 2712 Minime
985 2650 1173 2727 certo,
1221 2648 1612 2732 prosequitur
1640 2651 1867 2724 orator,
1915 2648 2196 2733 prodesse
2229 2648 2458 2731 poterit
2478 2645 2703 2714 Curiae
2727 2645 2972 2713 Sanmi-

489 2750 772 2829 niatensi,
823 2751 983 2835 quod
1012 2752 1372 2836 Capellania
1418 2754 1508 2818 nti
1558 2753 1801 2821 Curata
1845 2754 1921 2819 ab
1965 2752 2341 2818 auctoritate
2387 2752 2556 2818 civili
2605 2751 2823 2817 habita
2865 2751 2971 2827 sit,

491 2857 677 2938 atque
730 2855 824 2921 uti
869 2855 1015 2922 talis
1076 2858 1137 2921 in
1200 2857 1547 2924 collationis
1597 2857 1795 2923 Bullis
1854 2876 1911 2923 a.
1961 2858 2128 2923 1885
2189 2859 2254 2922 et
2313 2875 2367 2924 a.
2442 2856 2610 2923 1892
2677 2855 2975 2922 denotata

485 2958 594 3027 sit.
662 2960 935 3026 Primum
997 2961 1159 3027 enim
1204 2961 1441 3028 factum
1501 2963 1565 3027 in
1626 2963 1753 3029 foro
1798 2963 2092 3029 canonico
2150 2961 2247 3026 ius
2299 2961 2676 3028 constituere
2721 2960 2972 3045 nequit3

492 3063 809 3149 multoque
842 3065 1046 3132 minus
1077 3065 1130 3131 si
1162 3066 1597 3155 consideretur,
1639 3066 1800 3152 quod
1832 3065 2188 3150 Capellania
2220 3066 2312 3132 uti
2340 3066 2585 3133 Curata
2629 3065 2846 3131 habita
2889 3065 2975 3129 sit

491 3187 632 3234 cum
663 3169 812 3235 solis
840 3170 1194 3236 muneribus
1223 3170 1281 3236 in
1313 3171 1546 3238 tabuiis
1578 3172 1905 3238 erectionis
1935 3171 2261 3250 contentis,
2290 3168 2658 3254 explanandi
2684 3168 2975 3235 videlicet

495 3273 857 3340 Doctrinam
903 3273 1324 3340 Christianam
1384 3295 1456 3341 ac
1503 3277 1909 3359 Evangelium
1976 3276 2036 3340 in
2080 3274 2387 3354 Oratorio,
2448 3293 2635 3358 quum
2686 3274 2841 3340 baec
2891 3272 2969 3338 ad

491 3377 1156 3463 officium·parochiaie
1204 3380 1553 3463 pertineant
1612 3382 1676 3447 et
1737 3380 1797 3446 in
1849 3380 2161 3463 paroeciae
2223 3382 2448 3444 bonum
2495 3381 2681 3462 atque
2721 3377 2975 3461 parochi

493 3482 884 3548 sublevamen
937 3484 1297 3551 redundent.
1389 3484 1477 3551 Eo
1522 3484 1618 3550 vel
1666 3485 1865 3567 magis
1910 3483 2068 3568 quod
2132 3483 2210 3548 ad
2260 3483 2665 3550 mutationem
2716 3484 2975 3548 naturae

493 3586 772 3654 beneficii
820 3586 1228 3655 inducendam
1287 3590 1534 3655 omnino
1581 3588 1914 3674 requiritur
1975 3606 2308 3655 consensus
2354 3587 2618 3671 patroni,
2679 3587 2786 3671 qui
2832 3606 2972 3652 eum

497 3711 808 3777 nunquam
879 3693 1262 3778 praestitisse
1330 3713 1441 3760 nec
1502 3695 1941 3777 praestiturum
2009 3694 2411 3776 protestatur.
2493 3691 2723 3757 Eodem
2791 3710 2972 3757 sensu

494 3797 908 3880 intelligenda
937 3802 1084 3864 sunt
1110 3798 1433 3865 Buliarum
1466 3800 1673 3879 verba,
1706 3799 1811 3864 nbi
1841 3816 2041 3863 sermo
2071 3800 2167 3862 est
2201 3797 2275 3862 de
2301 3796 2664 3881 Capellania
2691 3797 2971 3873 curata:

491 3900 553 3965 in
602 3900 752 3985 ipsis
796 3902 956 3967 enim
1007 3903 1270 3969 habetur
1310 3904 1468 3988 quod
1499 3903 1872 3987 Capelianus
1905 3901 2315 3968 ministerium
2360 3900 2752 3985 Capellaniae
2799 3919 2975 3984 prae·

489 4010 656 4072 stare
703 4011 981 4084 tenetur;
1045 4008 1157 4073 boc
1216 4010 1424 4074 autem
1469 4008 1885 4074 ministerium
1942 4004 2112 4072 aliud
2159 4024 2292 4071 esse
2356 4006 2569 4090 nequit
2630 4005 2745 4070 nisi
2793 4004 2970 4083 iliud,

490 4111 589 4174 cui
638 4111 1016 4177 fundationis
1057 4113 1304 4178 tabulae
1346 4112 1648 4181 alludunt.

705 4244 1021 4308 Postremo
1069 4246 1359 4326 patronus
1398 4245 1620 4310 thesim
1669 4263 1842 4309 suam
1888 4244 2212 4309 confirmat
2257 4263 2328 4309 ex
2378 4250 2515 4310 voto
2557 4243 2975 4326 infor-matina,

491 4346 650 4430 quod
721 4346 819 4411 die
878 4348 980 4412 24.
1028 4348 1393 4414 Novembris
1462 4348 1627 4413 1902
1696 4348 2028 4432 requisitus
2103 4347 2617 4431 Archiepiscopus
2694 4346 2972 4422 Pisanus,

491 4460 811 4534 tamquam
851 4450 1126 4516 beneficii
1179 4451 1500 4532 Patronus,
1564 4452 1638 4515 ad
1686 4450 1748 4520 S.
1795 4451 2348 4536 congregationem
2397 4450 2586 4528 misit,
2642 4454 2706 4515 et
2744 4450 2806 4514 in
2855 4467 2973 4533 quo

489 4554 620 4635 ipse
680 4554 952 4621 ostendit
1006 4555 1406 4639 Capelianum
1464 4556 1577 4621 loci
1627 4557 1969 4624 Belvedere
2030 4556 2286 4622 minime
2331 4554 2528 4621 teneri
2576 4553 2654 4620 ad
2699 4552 2969 4620 officium

489 4656 892 4724 coadiuvandi
933 4659 1085 4725 duos
1129 4661 1427 4743 parochos
1472 4661 1766 4728 finitimos
1813 4662 2080 4729 iocorum
2133 4662 2390 4730 Oresino
2428 4662 2494 4727 et
2534 4659 2843 4743 Tripalle.
